2672 4518
367 307 375 326 ·
424 227 433 244 ⁶
489 263 641 374 'tstn-
750 360 764 375 ,
1044 289 1105 362 stt

121 443 242 502 Habetis
258 457 404 503 sommant
421 457 542 506 nost-rae
559 450 742 520 sententiae,
767 451 796 508 in
814 467 891 525 qua,
913 451 986 510 Deo
1003 452 1106 520 dante,
1158 503 1163 520 ,

61 533 128 591 m'ltil
144 538 281 592 mutaturi
298 545 421 608 sumus,
446 557 505 596 nec
528 543 650 613 prolana
669 542 784 614 judicia
806 559 948 598 veremur
971 542 1106 610 illorum,
1133 595 1135 601 .

59 626 106 699 qui
121 627 284 697 clamitant,
308 631 500 701 pertinaciam
518 649 682 704 paucorum
698 633 856 688 incendere
873 633 985 688 bellum
1002 631 1106 698 civile,

59 718 268 786 vociferantur,
285 721 428 792 quaedam
445 721 640 780 condonanda
657 740 726 781 esse
745 721 877 802 publicae
892 721 1107 794 tranquillitati,

59 807 225 864 satius'ssse
235 807 347 866 habere
364 811 589 884 qualescunque
601 829 689 886 quarn
704 817 798 869 nullss
810 813 979 880 Ecclesiae,
998 813 1107 868 debere

58 913 109 952 noa
124 899 160 954 de
173 899 225 958 his
244 903 459 960 controversiis
477 906 625 960 anteferre
652 904 864 970 concordiam,
887 904 922 960 'ut
938 903 1107 958 Turcicum

57 987 161 1044 bellum
172 991 283 1064 suscipi
295 994 400 1062 possit.
436 995 576 1068 Denique
588 995 681 1052 multa
699 1011 715 1050 a
733 994 916 1068 sapientibus
933 993 1030 1062 colligi
1047 991 1106 1047 sci·
1172 1015 1175 1021 ·

57 1093 119 1133 mus
135 1079 169 1134 ad
186 1098 243 1137 nos
260 1083 534 1155 reprehendendos.
568 1085 638 1142 Nec
661 1102 718 1142 nos
740 1085 814 1140 odeo
832 1085 897 1141 sine
914 1099 1003 1142 sensu
1021 1097 1106 1162 cuns·

56 1171 132 1226 muni
147 1187 272 1239 sumus,
288 1184 319 1229 ut
336 1174 392 1230 soli
411 1191 471 1230 non
489 1177 640 1232 videamus
658 1167 788 1249 pericula
806 1187 906 1232 nostra
923 1184 952 1230 et
969 1187 1106 1228 commu.

57 1259 108 1314 nis.
136 1261 192 1316 Sed
210 1265 349 1321 mandato
365 1265 426 1322 Dei
444 1266 711 1340 obtemperandum
728 1278 790 1332 est,
817 1267 866 1338 qui
890 1263 1018 1336 postulat
1033 1279 1107 1320 con.

57 1347 211 1406 sessionem
236 1369 326 1410 verae
349 1355 499 1412 doctrines
524 1366 554 1411 at
578 1356 843 1428 reprehensionem
865 1353 1025 1427 impiorum
1042 1353 1107 1410 cul.

57 1449 149 1509 luunt,
164 1452 193 1497 et
209 1445 327 1503 exitum
342 1446 408 1502 vult
423 1445 481 1504 sibi
499 1447 714 1503 commendari.
749 1445 816 1502 Etsi
834 1455 1004 1500 autemnon
1021 1442 1106 1498 dubi.

58 1537 162 1598 tamus,
185 1534 260 1603 quin
277 1551 349 1602 vos,
374 1545 408 1590 ut
432 1536 591 1602 hactenus,
615 1551 684 1592 curn
702 1535 837 1592 Ecclesia
854 1545 956 1590 nostra
972 1543 1104 1598 vestram

57 1621 221 1678 sententiam
241 1625 431 1695 conjunctnri
449 1626 532 1694 sitis,
550 1637 649 1681 temen
666 1641 724 1682 vos
741 1625 828 1681 etiam
846 1633 933 1698 etque
950 1623 1036 1682 etiarn
1055 1637 1105 1674 ro.

56 1725 166 1780 gasnau,
183 1723 218 1769 ut
236 1714 323 1769 nobis
337 1715 522 1771 uoluntatem
539 1715 873 1786 vestrtm‘signidcetis,
890 1725 921 1770 et
935 1727 1104 1787 speramus,
1211 1717 1215 1722 '
1253 1755 1264 1772 ι

56 1798 215 1860 Ecclesiam
234 1816 364 1864 vestram
380 1817 571 1879 sequuturam
589 1821 658 1864 esse
675 1817 773 1862 restra
787 1804 932 1875 suffragia.
964 1801 1031 1858 Etsi
1045 1801 1105 1856 sci.

57 1905 118 1947 tuus
131 1893 204 1950 alios
223 1895 371 1967 quosdam
388 1913 459 1952 esse
475 1895 675 1967 oligarohicos
692 1897 850 1963 homines,
874 1894 925 1966 qui
944 1902 979 1962 ut
996 1893 1103 1947 Eccle-

57 1981 126 2051 sise,
140 1983 177 2040 ita
193 1985 395 2042 aristocratiae
411 1989 631 2060 pulcherrimae
646 1988 729 2044 urbis
746 2004 808 2043 non
825 1997 895 2042 sunt
911 1985 1006 2056 aequi.
1041 1979 1104 2056 Qui
1145 1979 1154 1988 '

58 2071 120 2129 dnm
139 2092 222 2132 noro
247 2086 278 2132 et
301 2078 464 2134 immodico
490 2078 589 2136 studio
614 2088 799 2150 aucupantur
818 2065 945 2147 ¹gratiam
968 2073 1102 2129 hostium

57 2161 217 2238 Evangelii,
242 2183 320 2240 quos
343 2169 645 2241 exsecraripropter
668 2167 824 2242 parricidis
841 2166 1005 2229 debebant,
1029 2163 1101 2219 satis
1157 2193 1159 2198 ·

58 2253 226 2326 significent,
250 2272 361 2316 sevos
386 2249 510 2331 quo'que
533 2260 663 2316 libenter
686 2271 890 2325 excussuros,
917 2256 1102 2328 si=posseun

58 2341 169 2419 Quanto
186 2358 252 2404 erat
268 2345 424 2404 honestius
446 2349 663 2421 messanenses
678 2350 716 2422 τῷ
732 2348 891 2422 εὐαγγελίῳ,
917 2361 1006 2419 quam
1030 2359 1103 2400 con.

57 2433 163 2514 firmare
181 2438 210 2492 in
230 2438 406 2495 adversariis
420 2439 521 2495 odium
533 2455 622 2496 serae
634 2440 805 2508 doctrinae,
823 2449 852 2494 ot
863 2450 950 2509 spem
960 2434 1103 2491 delectio.

56 2524 96 2581 sis
113 2527 247 2583 aliorum.

1 2633 2 2640 ¹
111 2603 304 2698 Nihiligitur
320 2618 355 2673 ad
373 2619 439 2674 iilos
458 2619 658 2690 oligsrcbicos
672 2619 851 2688 scribimus,
867 2615 1027 2676 vobiscum
1039 2625 1103 2674 un·
1113 2640 1125 2690 ¹·

55 2713 111 2760 tum
136 2705 358 2775 deliberemus,
386 2719 418 2762 ut
445 2719 575 2764 vestram
602 2709 777 2766 sententiam
804 2707 897 2765 nobis-
918 2703 1102 2777 significetis.

1 2827 2 2834 ι
56 2795 137 2854 Deus
152 2797 330 2869 gubernabit
346 2809 499 2869 eventus,
511 2815 569 2854 neo
586 2799 707 2856 deseret
722 2815 823 2856 veram
839 2797 1023 2855 Ecclesiam:
1049 2797 1103 2854 ssd

57 2889 161 2943 etiarnsi
179 2889 333 2947 subeunda
350 2891 407 2945 erit
423 2890 584 2946 crudelitas
607 2889 846 2946 adversariorum
867 2900 989 2961 propter
1002 2887 1104 2944 Euan.

57 2979 116 3048 gelii
132 2980 371 3045 contessionem,
388 2989 486 3036 tamen
504 2979 575 3037 illud
592 2981 759 3049 malumus,
776 2996 865 3053 quarn
876 2980 1008 3050 objicere
1023 2980 1105 3052 piam

57 3052 235 3137 doctrinam,
250 3079 281 3126 et
297 3070 477 3134 contumelia
495 3070 610 3126 afficere
623 3065 786 3126 Christuln.
820 3071 883 3125 Cur
893 3069 1103 3138 defugeremus

56 3155 125 3212 haec
141 3160 272 3230 gloriosa
288 3159 466 3228 certamina,
484 3174 552 3213 cum
570 3159 739 3228 videamus,
757 3159 863 3215 Filium
874 3159 934 3214 Dei
947 3175 1001 3231 pro
1013 3157 1102 3214 nobis

57 3245 216 3304 miserabile
228 3250 406 3324 supplicium
418 3262 596 3322 perpessum
608 3253 696 3307 esse?
723 3250 751 3305 Si
764 3267 837 3306 vere
850 3250 977 3305 colimus
988 3247 1101 3315 Deum,

57 3340 275 3396 meminerimus
292 3341 450 3413 praecipue
468 3337 632 3411 postulari,
656 3349 690 3396 ut
705 3339 842 3396 victimae
858 3339 983 3405 fiamus,
1000 3337 1103 3407 quales

58 3428 168 3486 iuemnt
184 3429 302 3502 plurimi
318 3429 444 3498 Patres,
467 3427 638 3502 Prophetae
663 3425 693 3486 et¹
717 3429 871 3500 Apostoli,
898 3439 927 3483 et
948 3428 1104 3499 Martyres

58 3520 183 3575 omnium
207 3532 394 3592 temporum,
424 3521 475 3593 qui
496 3523 664 3576 maluerunt
685 3519 831 3588 interfici,
858 3533 948 3592 quant
971 3517 1103 3590 abjicere

59 3623 140 3666 serae
157 3610 308 3666 doctrinae
325 3611 557 3668 contessionem.
591 3611 690 3666 Senex
699 3609 823 3678 Esaias,
842 3626 911 3664 curn
926 3625 1019 3664 annos
1037 3611 1104 3666 iere
1164 3600 1168 3608 ’

34 3732 39 3756 t
60 3700 201 3771 octogiuta
212 3703 345 3758 rexisset
360 3699 547 3770 Ecclesiam,
565 3715 595 3756 st
607 3701 730 3774 patriam
745 3698 910 3772 ingentibus
928 3699 1013 3755 bellis
1030 3699 1105 3758 libe.

60 3802 164 3861 resset,
182 3791 300 3847 tandem
317 3806 399 3846 serra
415 3791 568 3848 scinditur.
600 3791 751 3848 ieremias
767 3806 835 3845 cum
852 3791 1037 3863 quadraginta
1052 3805 1104 3845 an.

59 3879 101 3936 cis
116 3881 306 3952 gubernasset
322 3881 445 3952 reguum
461 3881 558 3949 Juda,
584 3892 613 3936 et
637 3881 774 3954 reliquias
791 3891 960 3950 servasset,
984 3881 1104 3936 taudem

49 3969 193 4044 'lepidilsus
210 3972 354 4029 obruitur.
389 3969 450 4028 illis
471 3973 558 4030 tantis
574 3971 652 4041 luitis
673 3972 720 4029 sio
743 3972 855 4030 metitis
880 3971 934 4026 luit
950 3969 1102 4030 subeunde
