2718 4508
551 193 556 206 ⁸
601 237 693 304 asu.
1113 233 1174 304 ast

108 397 140 448 si
163 393 225 448 noli
249 394 367 450 timere.
402 393 493 473 Quod
519 396 545 453 si
571 383 660 452 elium
682 397 759 451 haec
785 407 815 451 te
839 397 920 452 larva
945 405 1064 464 movet,
1093 398 1175 468 quod

107 485 228 556 cogeris
254 485 372 541 salutari
395 488 442 542 vel
469 486 584 542 adorari
610 486 777 560 Princeps,
804 487 898 555 scito,
928 488 1010 560 quod
1036 488 1092 543 isra
1116 503 1174 542 neo

107 587 211 646 captus
228 594 285 632 neo
302 583 355 632 tuo
379 577 498 633 arbitrio
516 577 634 649 quaeris
643 617 654 648 ,
679 578 733 633 sed
751 576 944 632 alienam'hio
961 578 1039 634 ferre
1056 579 1175 648 cogeris
1219 643 1221 646 ¹

107 665 253 724 rationem
272 675 302 722 et
318 667 585 735 consuetudinem,
602 685 664 723 non
682 659 867 742 propterte,
890 667 943 724 sed
960 679 1086 740 propter
1102 683 1173 737 eos,

107 757 216 830 quibus
233 774 311 834 opus
337 769 385 830 ast
407 759 462 814 ista
480 759 555 832 fieri,
588 758 688 814 Larua
713 762 832 814 estnec
849 763 880 826 ¹)
899 773 949 816 res
973 759 1059 814 seria.
1089 758 1175 816 Nam

106 857 136 901 ot
148 841 372 919 Magdeburg'ae
391 849 548 918 cogebaris
565 848 644 906 hano
663 852 789 916 larvam,
806 866 862 905 seu
879 849 927 914 (ut
941 847 1053 905 Paulus
1072 851 1174 916 vocat)

5 985 11 998 ,
105 925 243 992 habitum
266 953 321 994 seu
338 937 462 994 schema
489 940 589 1007 serre,
613 947 647 996 ut
672 938 814 996 dicereris
835 939 1042 1006 Licentiatus,
1067 939 1174 995 deinde

104 1027 228 1086 Nobilis
241 1027 278 1082 ab
290 1030 448 1098 Amsdorf,
462 1039 490 1084 et
502 1029 620 1086 similia:
638 1023 683 1086 sic
696 1047 752 1100 ego
765 1025 898 1100 maritus,
913 1047 1103 1086 oeconomus
1116 1041 1174 1087 etc.

105 1119 168 1194 Sed,
181 1121 279 1193 nosti,
298 1120 380 1193 quod
397 1118 485 1178 Deus
504 1121 559 1177 has
578 1137 724 1192 personas
742 1138 796 1177 seu
819 1123 915 1186 larum
932 1121 1002 1180 nihil
1021 1131 1121 1192 curat,
1139 1131 1175 1178 ut

104 1225 182 1284 quae
199 1227 262 1264 non
284 1209 343 1266 sint
361 1227 486 1281 regnum
502 1193 583 1278 Defi,
609 1211 646 1266 ita
670 1223 704 1284 ut
719 1210 832 1268 Paulus
855 1209 960 1268 audeat
986 1212 1071 1266 etiam
1093 1216 1173 1284 Apo.
1228 1275 1231 1281 ¹
1294 1265 1296 1272 ,
1354 1212 1357 1221 “

104 1299 244 1356 stolatum
264 1300 412 1372 appellare
429 1301 542 1356 larvam
560 1301 629 1359 Gal.
646 1299 700 1358 IL:
724 1301 815 1357 Deus
836 1318 1014 1374 personam
1029 1313 1097 1358 non
1120 1320 1173 1358 re.-

103 1391 210 1462 spicit.
245 1391 374 1463 Oportet
391 1393 471 1446 enim
483 1389 653 1450 Ecclesiam
671 1393 824 1447 inmundo
838 1409 995 1464 apparere:
1013 1395 1067 1448 sed
1085 1411 1173 1468 appa.

103 1499 172 1538 rere
190 1499 253 1536 non
270 1491 389 1554 potest,
416 1481 470 1536 nisi
496 1483 525 1536 in
551 1483 651 1550 larva,
676 1497 824 1551 persona,
848 1493 946 1552 testo,
967 1486 1116 1555 putamine
1143 1499 1174 1541 et

103 1574 216 1630 vestitu
241 1573 361 1644 aliquo,
390 1571 420 1628 iu
446 1589 508 1644 quo
536 1573 632 1643 possit
661 1573 772 1641 audiri,
800 1573 911 1643 videri,
936 1564 1171 1648 {comprehendo

104 1663 214 1735 alioqui
231 1671 377 1736 nusquam
395 1663 492 1735 possit
506 1661 641 1718 inveniri.
675 1659 716 1717 A't
733 1662 807 1718 tales
825 1651 1012 1720 laranasunt
1030 1665 1171 1734 maritus,

102 1757 261 1828 politicus,
279 1754 481 1822 domesticus,
498 1753 675 1822 Johannes,
693 1753 821 1822 Petrus,
838 1751 1005 1825 Lutherus,
1026 1757 1173 1812 Amtdor.

102 1845 160 1902 fius
172 1853 249 1914 etc„
268 1861 338 1900 oum
355 1841 429 1900 nihil
446 1843 558 1898 horum
571 1843 610 1898 sit
621 1842 774 1910 Ecclesia,
791 1859 944 1916 quamue
962 1855 1009 1900 est
1023 1844 1171 1914 ludaeos,
1244 1871 1248 1878 ·

10 1979 16 1995 ,
102 1951 162 1994 neo
186 1935 345 2002 Graecus,
370 1951 428 1990 neo
445 1933 616 2002 masculus,
641 1951 701 1988 neo
727 1917 876 2004 foemina,
903 1933 956 1990 sed
981 1952 1059 1991 unua
1084 1935 1171 1992 Chri.

104 2037 170 2086 stus
195 2036 254 2084 etc.
289 2026 393 2102 Quare
417 2023 575 2092 Christus,
600 2024 626 2079 si
651 2023 853 2106 Episcopatus
880 2040 937 2082 auo
965 2026 1063 2082 officio
1088 2038 1169 2096 stet,

102 2117 177 2175 nihil
190 2117 324 2186 curabit,
341 2133 377 2170 an
396 2117 475 2172 larva
493 2115 532 2173 sit
542 2115 655 2188 privata
667 2115 715 2168 val
731 2113 864 2186 publica,
882 2115 998 2187 plebsja
1014 2118 1061 2172 vel
1074 2101 1169 2189 reaia:

103 2211 161 2264 sub
185 2209 326 2264 omnibus
349 2207 440 2264 larvis
463 2215 493 2262 et
509 2204 646 2278 personia
664 2205 724 2261 coli
743 2215 866 2278 potest,
891 2217 925 2264 ut
946 2205 1002 2266 Pa.
1019 2207 1059 2264 11.
1075 2201 1108 2265 a:
1122 2197 1176 2264 Et

100 2317 188 2355 nunc
204 2301 312 2374 Repes
328 2296 498 2370 intelliqile
518 2302 575 2351 etc.
660 2311 666 2336 ⁰
1165 2285 1167 2290 ’

117 2477 121 2486 .
168 2415 225 2470 Sed
244 2412 315 2486 quid
332 2427 388 2482 ego
406 2409 508 2465 dehis
526 2409 561 2464 ad
582 2417 610 2463 te
627 2418 688 2463 tam
705 2407 830 2465 multis?
856 2410 940 2483 quasi
959 2421 992 2466 tu
1012 2427 1073 2468 non
1090 2411 1168 2470 haee

100 2505 203 2562 omnis
220 2503 326 2558 melius
339 2502 459 2574 judices
476 2509 505 2556 et
523 2499 684 2568 intelligas:
703 2499 760 2554 nisi
776 2499 858 2580 quod
876 2517 977 2555 merim
991 2501 1043 2557 tibi
1060 2489 1175 2574 proba,

99 2611 165 2652 tum
183 2606 213 2650 et
230 2604 345 2665 gratum
363 2607 431 2647 esse
449 2592 566 2664 cupiam
589 2603 617 2644 et
634 2589 764 2654 officium
787 2601 816 2647 et
836 2591 987 2662 studium,
1004 2595 1036 2648 e't
1052 2597 1170 2662 omnia,

101 2705 177 2760 quae
197 2697 323 2760 potero,
342 2685 517 2754 praesertim
537 2694 646 2737 tantam
663 2681 778 2738 larvam
792 2682 970 2753 sustinenti,
986 2684 1041 2738 sed
1056 2686 1093 2740 ad
1105 2685 1167 2742 Del

51 2793 60 2818 ·
99 2777 226 2850 gloriam
249 2787 281 2832 et
304 2776 468 2829 animarum
493 2773 687 2844 plurimarum
709 2773 845 2826 salutem.
882 2771 918 2827 Iu
942 2772 1064 2832 Christo
1089 2775 1168 2834 bena

100 2871 182 2936 vale,
203 2869 309 2921 Amen.
342 2863 437 2920 Meus
455 2861 554 2917 Ketha
569 2860 622 2916 tibi
641 2871 723 2932 optat
741 2877 847 2930 magno
866 2864 965 2918 animo
982 2861 1168 2924 benedictio-

98 2975 171 3015 nem
195 2957 256 3012 Dei
282 2957 462 3027 perfectam,
489 2961 519 3007 ot
543 2953 706 3020 gratulatur
729 2953 785 3008 sibi
809 2968 879 3008 sese
904 2950 1016 3010 habere
1033 2957 1170 3016 vicinum

99 3051 180 3124 eluro
206 3045 344 3122 pultium
369 3040 740 3112 alumnumalumnum.
786 3043 902 3114 Sponsa
933 3043 1036 3100 Hanna
1063 3046 1166 3104 straus
1262 3089 1271 3100 ,

99 3158 181 3197 nunc
198 3140 331 3193 maritata
355 3137 413 3204 agit
434 3134 542 3204 gratias
561 3146 615 3203 pro
629 3147 769 3188 inuuere.
804 3132 957 3190 Dominus
976 3144 1095 3204 tecum,
1120 3139 1167 3196 vir

99 3231 185 3286 sortis
204 3239 231 3284 at
249 3228 328 3283 dono
345 3225 406 3292 Dei
424 3224 563 3280 invictus.

726 3365 766 3425 Τ.
784 3369 936 3427 Martinus
954 3371 1074 3430 Lathon
1091 3373 1134 3433 D.

95 4013 98 4022 ι
143 3951 167 4000 υ
179 3949 224 4000 uu
238 3948 304 4000 oua.
317 3955 379 4021 nos,¹
391 3941 522 3998 tralatam.
