2672 4518
416 317 424 333 .
530 273 618 339 ιιι.
661 333 674 358 x
1043 271 1105 340 ιιι

39 427 177 500 Pitana
189 433 255 486 ante
267 432 365 488 omnia
380 421 567 500 cavendum,
585 449 624 488 ne
636 421 713 488 haec
724 446 774 490 res
785 429 941 486 inducatur
955 429 986 484 in
997 425 1106 484 orbem

39 521 85 576 ad
107 522 225 577 modum
249 515 342 593 legis,
366 539 456 596 quarn
477 522 619 595 sequendi
636 515 728 578 libera
746 518 886 580 omnibus
903 519 942 578 rit
958 529 1104 592 potestas.

37 609 160 670 Deinde
177 609 367 671 considerare
384 613 521 684 dignetur
537 611 643 668 Vestra
658 609 740 684 Cels.
755 609 945 677 scandalum,
962 607 1105 664 nimirum

38 701 126 776 quod
139 701 303 774 Evangelio
320 683 428 761 tiosos
447 695 645 758 exclamntnri
657 701 732 770 sint,
747 715 806 756 noa
819 700 932 756 similes
945 701 1105 758 essedor-

36 791 189 866 baptistis,
205 793 256 864 qui
273 793 375 872 plures
393 794 482 849 simul
500 792 791 848 duxeruntuxores:
809 791 893 872 item,
912 790 1105 860 evangelicos

38 899 109 938 eam
125 884 232 940 sectari
248 883 415 940 libertatern
434 883 536 956 plures
559 882 648 938 simul
671 881 816 950 ducendi,
841 896 918 954 quae
942 881 973 936 ia
989 878 1104 938 Toron

35 973 69 1029 in
88 988 143 1030 nau
159 985 214 1030 ιιι.
237 974 314 1032 Item
330 974 506 1046 Principum
523 973 603 1028 facta
617 972 706 1031 latius
724 972 845 1044 spargi,
865 985 955 1044 quem
972 971 1105 1045 privato-

38 1079 126 1132 rum,
139 1063 350 1119 considerat:
343 1075 415 1118 uem
428 1062 618 1130 consideret,
631 1061 761 1132 privatas
772 1075 917 1132 personas
928 1057 1104 1134 hujusmodi
1170 1076 1172 1080 ·
1274 1109 1280 1122 ,

35 1152 211 1226 Principum
228 1155 306 1211 tacta
323 1155 475 1210 audientes
501 1152 585 1208 facilc
608 1149 665 1208 sibi
691 1151 794 1208 eedem
816 1150 964 1226 permissa
980 1167 1104 1224 persua.

37 1244 126 1313 dere,
142 1253 233 1318 prout
245 1254 382 1317 apparet,
400 1241 466 1300 talia
482 1243 569 1298 facile
587 1239 734 1314 irrepere:
753 1241 824 1302 irem
840 1229 1105 1310 considerandum,
1131 1249 1135 1254 '
1157 1233 1158 1238 '

36 1335 119 1392 Cels.
130 1335 267 1408 Vestram
285 1334 433 1390 abundare
449 1333 604 1390 nobilitate
622 1333 705 1390 efferi
722 1333 863 1411 spiritus,
880 1332 979 1404 inqua
996 1335 1102 1402 multi,

37 1425 80 1480 uti
97 1426 126 1480 in
142 1425 205 1482 aliia
222 1441 345 1497 quoquc
363 1424 464 1493 terris,
481 1423 551 1491 tint,
567 1423 620 1498 qui
638 1434 763 1494 proptor
780 1424 897 1494 amplos
914 1433 1101 1495 proventus,

39 1515 146 1586 quibua
164 1515 279 1572 ratione
297 1513 513 1572 cathedralium
535 1512 750 1569 beneficiorum
774 1513 988 1584 pertruuntur,
1014 1513 1101 1568 valde
1136 1507 1140 1514 ’

38 1604 197 1677 Evangelio
215 1607 420 1662 adversantur.
453 1603 559 1661 Non'
552 1617 723 1691 ignoramus
745 1602 800 1675 ipsi
819 1617 997 1701 magnorum
1014 1595 1099 1658 nobi.

38 1697 109 1752 lium
125 1695 211 1751 valde
228 1696 339 1752 insulse
357 1695 451 1752 dictat
478 1695 595 1768 qualern
619 1709 652 1752 se
677 1694 827 1750 nobilitas
843 1705 873 1748 et
890 1695 1008 1750 subdita
1026 1694 1099 1749 ditio

25 1803 107 1858 ,erga
124 1771 206 1842 cels.
221 1785 362 1843 Vestram
379 1786 419 1842 sit
435 1784 621 1858 praebitura,
647 1785 671 1840 si
694 1783 813 1855 publica
833 1783 1014 1840 introductio
1032 1783 1099 1852 flat,
1123 1791 1132 1806 ¹

38 1877 115 1933 haud
131 1877 246 1942 difficile
264 1887 310 1934 est
327 1875 469 1931 arbitrari.
502 1873 579 1932 Item
595 1873 673 1930 Cels.
685 1874 810 1948 instra,
828 1889 906 1950 quae
922 1873 983 1930 Dei
1001 1875 1100 1946 singu.

38 1968 104 2036 laris
121 1977 170 2034 ιιι
184 1968 287 2039 gratio,
304 1967 381 2040 apud
394 1965 495 2037 Reges
512 1976 542 2024 et
558 1963 706 2023 Potentes
723 1964 812 2021 etiam
829 1971 973 2022 externos
991 1953 1099 2036 magno

39 2071 84 2116 ιιι
99 2059 128 2142 in
143 2057 263 2134 honora
280 2069 311 2114 et
326 2067 487 2129 respectu,
513 2057 590 2130 apud
607 2055 808 2134 quoamerito
826 2066 875 2112 est
892 2056 975 2129 quod
996 2056 1101 2138 timeat
1122 2069 1124 2072 ·

38 2167 74 2206 ne
89 2145 165 2204 haec
181 2165 230 2204 res
248 2149 340 2220 pariat
356 2147 486 2204 nominis
504 2145 740 2202 diminutionem.

100 2239 176 2296 Cum
201 2240 291 2310 igitur
314 2238 365 2296 hic
380 2239 472 2294 multa
496 2237 634 2293 soandala
659 2235 827 2307 confluant,
853 2253 993 2310 rogamus
1017 2237 1111 2296 Cels..

40 2329 196 2399 Vestram,
217 2338 252 2384 ιιι
266 2328 345 2384 hanc
362 2343 427 2384 rem
443 2336 561 2382 maturo
574 2325 691 2397 judicio
714 2325 883 2400 expendere
906 2317 988 2385 velit.
1020 2325 1100 2384 Illud
1131 2329 1132 2334 ’

41 2435 156 2494 atroque
181 2430 230 2476 est
245 2435 370 2488 verum,
393 2417 476 2491 quod
495 2417 578 2476 Cels.
594 2414 734 2473 Vestram
758 2415 935 2478 omnimodo
956 2429 1105 2492 rogantur¹
1148 2481 1152 2488 ,

41 2499 287 2576 e'tadirortamnr,
308 2519 345 2565 ιιι
359 2507 588 2564 fornicationem
605 2517 636 2564 et
656 2507 836 2565 adulterium
853 2507 953 2580 lugiet.
987 2507 1099 2564 Habui.
1144 2577 1146 2586 Ι

41 2618 100 2658 mus
112 2616 252 2674 quoque,
268 2610 320 2667 ιιι,
337 2597 418 2672 quod
434 2613 484 2653 res
503 2605 566 2665 est,
584 2596 761 2670 loquamur,
779 2597 870 2672 longo
888 2607 1024 2672 tempore
1034 2615 1099 2659 ιιοιι

41 2675 157 2764 paruum
178 2703 371 2758 moerorem,
393 2687 476 2761 qnod
500 2685 737 2742 intellexerimus
757 2685 895 2743 Vestram
911 2686 991 2744 Cels.
1017 2689 1098 2760 ejus.
1138 2694 1141 2700 ’

42 2783 114 2840 modi
130 2781 303 2853 impuritate
321 2787 493 2843 oneratam,
514 2791 604 2850 quam
621 2777 718 2832 divina
734 2777 826 2846 ultio,
843 2777 959 2851 morbi,
982 2779 1098 2854 aliaque
1141 2789 1145 2796 ·

42 2873 163 2944 pericula
181 2871 270 2944 sequi
283 2869 409 2943 possint.
442 2864 540 2924 Etiam
554 2881 694 2937 rogamus
710 2857 956 2940 eelsveatrun,
974 2887 1014 2926 ne
1031 2872 1100 2926 talia

1 2981 2 2989 ¹
43 2973 118 3019 ιιιιι
127 2962 352 3019 matrimonium
368 2957 445 3016 levia
457 2967 580 3030 peccata
593 2957 664 3013 velit
680 2959 856 3028 aestimare,
874 2959 954 3016 sicut
967 2962 1098 3018 mundus

42 3051 108 3109 haec
124 3053 224 3108 ventis
241 3049 358 3106 tradere
374 3059 405 3105 et
421 3049 504 3119 parvi
521 3047 653 3120 pendere
678 3049 765 3103 solet.
799 3047 913 3106 Verum
930 3031 1018 3106 D‘eaa
1042 3052 1104 3120 im„

42 3143 205 3215 pudicitiam
222 3133 314 3214 saepe
330 3138 521 3198 severissime
539 3137 663 3210 punivit.
696 3135 776 3194 Nam
800 3155 898 3212 poena
920 3139 1024 3196 dilu'vii
1044 3142 1119 3198 tri-²
1153 3147 1156 3154 ’

45 3231 133 3288 buitur
148 3232 319 3302 Regentum
337 3227 504 3298 adulteriis:
522 3227 594 3282 item
610 3226 788 3289 adulterium
802 3227 931 3284 Davidis
948 3240 995 3286 est
1011 3225 1097 3286 reve·
1116 3235 1119 3240 ’

43 3339 100 3378 runt
116 3324 234 3379 divinae
249 3319 398 3381 vindictae
415 3317 604 3390 exemptum:
623 3327 652 3374 et
668 3315 780 3374 Paulus
798 3319 917 3390 saepius
934 3319 988 3375 aitr
1004 3319 1105 3394 Deua

45 3427 100 3469 non
121 3411 301 3481 irridetur,
333 3407 476 3465 walteri
499 3404 769 3464 non'introihunr
792 3407 828 3464 ἰιι
852 3423 989 3482 regnum
1011 3410 1103 3468 Deir·
1148 3420 1151 3428 ’

45 3519 101 3560 arm
118 3504 185 3560 lidei
202 3501 372 3559 obedientia
389 3513 493 3556 comer
511 3513 579 3554 esre
596 3497 700 3566 debet,
723 3510 757 3553 ut
773 3515 835 3554 oon
858 3508 963 3556 contra
978 3503 1110 3558 conset*
1147 3513 1149 3519 “

47 3597 142 3652 entiam
165 3607 286 3666 agamus
294 3632 304 3662 ,
330 3590 428 3665 primo
446 3587 601 3657 Timoth.,
628 3599 658 3644 at
680 3589 775 3662 prima
791 3587 868 3644 Joh.
885 3587 954 3648 1111:
978 3591 1017 3647 St·
1039 3609 1096 3649 cor·

46 3694 182 3741 rostrum
212 3699 280 3739 non
305 3677 550 3752 reprehenderit
573 3691 650 3747 nos,
680 3693 854 3750 possumus
885 3677 964 3736 laeti
990 3681 1096 3738 Deum

47 3777 203 3835 invocare:
231 3785 262 3834 et
290 3769 381 3827 Rom.
411 3766 510 3823 vni:
539 3766 576 3822 Si
604 3766 757 3822 carnalia
788 3767 950 3826 desiderio
975 3773 1095 3845 spiritu

48 3862 348 3934 ntortr‘ficaocrimus,
359 3858 516 3914 vivemus.-
532 3855 677 3912 siautem
690 3857 862 3912 secundum
873 3873 1004 3916 carnem
1022 3881 1095 3922 oms

1 3998 2 4007 ,
47 3951 188 4022 immas,
204 3953 269 4010 hoo
281 3963 343 4020 ert,
361 3949 387 4006 ai
400 3946 732 4018 contracousoientiam
749 3962 888 4017 marnas,
907 3952 1091 4012 mortemar.
