2736 4512
224 301 287 374 312
708 301 799 378 tell.

222 465 318 522 adest.
335 467 363 533 1)
398 469 515 541 Agant,
539 469 681 544 quicquid
702 476 829 544 possunt
845 469 986 540 Henrici,
1010 467 1176 544 Episcopi,
1201 473 1283 540 atque

221 559 299 614 adeo
316 559 440 629 Tusca,
466 563 520 616 et
513 578 578 632 ipse
595 563 691 618 Satan.
725 561 797 618 Nus
815 561 896 632 regni
915 561 965 618 hlii
982 575 1087 617 sumus
1097 602 1108 631 ‚
1135 559 1189 634 qui
1206 559 1285 613 illum

222 649 452 720 consputu1u2)
479 661 509 706 et
533 652 669 707 occisum
689 651 788 708 denuo
812 650 849 707 ab
869 651 937 710 istis
954 651 1092 708 Henricie
1108 651 1285 708 curatorem

221 737 350 796 colimus
369 749 400 795 et
416 751 637 812 exspectamus.
653 739 684 811 ³)

287 851 392 923 Relegi
416 853 525 911 librum
547 873 650 912 meum
672 866 775 914 contra
792 857 881 914 istum
899 856 1065 914 Diabolum
1081 855 1286 922 Mezentium,

218 949 250 998 et
266 931 297 1010 5)
315 945 426 1013 ιιιίιοι,
452 946 525 1018 quid
550 947 624 1002 mihi
650 948 814 1016 acciderit,
838 959 872 1004 ut
895 957 954 1003 tam
978 946 1150 1003 moderatus
1168 945 1286 1000 luerim.

217 1031 346 1104 Deputo
367 1035 397 1090 ld
408 1035 568 1092 valetudini
586 1039 710 1110 eapitis,
726 1055 800 1112 quae
811 1055 873 1096 non
885 1051 932 1095 est
943 1053 1029 1111 passa
1042 1037 1174 1093 mimum
1184 1050 1286 1091 meum

217 1123 368 1178 erectiore
387 1135 416 1180 et
432 1127 592 1183 valentiore
610 1127 725 1202 impetu
741 1119 771 1197 5)
796 1140 923 1202 raptum.
958 1126 1016 1184 Sed
1034 1127 1152 1196 redeat,
1178 1126 1203 1182 si
1221 1126 1287 1180 Do.

216 1214 318 1269 minus
332 1217 423 1271 volet.
458 1209 621 1274 Tractasse
636 1231 735 1276 tamen
745 1211 771 1286 5)
784 1237 833 1276 me
846 1235 911 1276 rem
922 1209 954 1287 7)
971 1219 1187 1292 aliquantulum
1200 1217 1287 1288 juvat

217 1304 256 1359 ‹le
269 1303 423 1363 Ecclesia.
452 1307 598 1365 valetudo
610 1325 677 1364 mea
692 1310 831 1382 profecit.
866 1309 968 1386 Quem
985 1319 1018 1364 ιιι
1029 1307 1214 1383 prophetasti
1232 1307 1287 1361 llu.

216 1409 293 1450 xum
312 1411 380 1452 esse
396 1397 518 1471 capitis,
537 1415 609 1456 vere
626 1400 779 1470 intellexi,
801 1400 871 1471 quid
889 1401 989 1458 fluxus
1008 1399 1122 1473 capitis.
1139 1392 1171 1466 ⁸)
1204 1397 1287 1456 Nam

215 1494 332 1542 tantum
350 1487 543 1560 phlegmatis,
561 1483 588 1556 9)
614 1490 775 1548 rheumatis
792 1493 829 1557 11)
855 1501 883 1548 et
908 1491 1027 1566 pituitae
1052 1506 1108 1564 per
1126 1489 1237 1544 collum
1254 1497 1288 1545 et

111 1592 115 1602 ¹
214 1592 305 1632 nares
323 1577 495 1650 descendit,
523 1591 556 1636 ut
581 1582 674 1638 mirer
697 1581 912 1652 vehementer,
939 1583 1094 1655 quomodo
1115 1591 1203 1654 caput
1221 1571 1287 1652 jam

215 1667 305 1727 senio
332 1679 361 1726 et
386 1660 487 1727 labore
511 1671 639 1729 fractum
664 1674 718 1729 ista
739 1687 874 1730 monstra
893 1675 969 1746 apud
986 1692 1019 1730 ee
1038 1673 1115 1729 intua
1133 1675 1212 1728 ferre
1230 1690 1287 1745 po.
1360 1731 1361 1740 ,

214 1743 321 1826 tuerit,
333 1771 362 1816 et
373 1779 434 1832 non
446 1761 546 1834 potius
559 1762 681 1832 singulis
693 1763 776 1819 horis
790 1765 964 1841 apoplexia,
982 1766 1114 1834 vertigo,
1131 1764 1285 1837 epilepsia,
1360 1837 1361 1848 ἵ

214 1859 247 1904 et
265 1848 290 1906 si
308 1867 365 1921 qua
377 1850 413 1918 11)
426 1843 556 1920 similia,
573 1869 622 1910 me
641 1852 741 1910 subito
755 1853 979 1925 prostraverint.
1012 1853 1155 1926 Denique
1166 1853 1204 1920 11)
1223 1855 1287 1908 col.

215 1936 307 1995 lectis
324 1939 438 1998 viribus
450 1943 481 1998 in
493 1957 549 2014 pus
562 1944 641 1999 versi
653 1943 754 2000 fluxus
773 1943 802 2000 in
814 1956 915 1999 aurem
929 1944 1042 2000 laevam
1054 1945 1101 1998 die
1114 1944 1286 2000 Palmsrum

213 2040 322 2102 eaput,
347 2031 408 2086 imo
427 2033 518 2090 vitam
536 2049 632 2089 meam
651 2035 690 2088 ita
709 2033 895 2104 invaserunt,
912 2031 952 2103 ¹³)
976 2045 1008 2090 ιιι
1030 2051 1099 2106 prae
1117 2033 1223 2090 dolore
1242 2035 1286 2090 in.
1360 2051 1361 2060 ³

212 2120 362 2177 tolerabili
374 2121 488 2178 obortis
501 2115 541 2191 15)
559 2124 687 2180 lacrimis
705 2125 804 2206 (quod
822 2143 882 2182 non
896 2125 989 2204 facile·
995 2126 1100 2192 soleo,
1117 2125 1171 2180 etsi
1184 2126 1284 2182 minus

216 2209 367 2279 fluebant,
389 2229 478 2285 quarn
495 2213 621 2298 vellem)
647 2201 782 2302 dicerem
799 2195 953 2272 Domino:
978 2218 1039 2272 Aut
1056 2216 1110 2272 ista
1128 2216 1283 2286 desinant,

167 2283 173 2293 '
215 2311 266 2355 aut
284 2317 340 2371 ego
359 2303 502 2360 desinam.
536 2291 645 2378 Neque
672 2291 750 2362 enim
776 2317 839 2361 erat
855 2305 946 2362 biduo
965 2307 1110 2362 ferenda·
1103 2318 1157 2362 rste
1174 2309 1286 2364 acutis.

214 2391 291 2446 sima
309 2409 404 2463 pugna
422 2403 559 2465 naturae,
581 2396 635 2451 sed
652 2396 786 2468 sequenti
804 2396 852 2452 die
870 2397 970 2453 soluto
989 2397 1100 2452 ulcello
1118 2397 1196 2454 auris
1213 2400 1285 2472 pro'.

220 2481 266 2539 dit
290 2498 361 2539 sane
378 2468 419 2551 15)
447 2485 532 2540 foeda
539 2525 550 2556 ,
577 2487 669 2542 lurida
693 2497 722 2543 et
746 2497 870 2542 eruenta
895 2487 1011 2543 sanies:
1041 2503 1141 2562 neque
1166 2488 1203 2545 ab
1225 2489 1284 2545 hae

167 2645 173 2654 ι
213 2571 292 2630 hora
310 2585 410 2632 cessat
425 2576 528 2632 fluere.
561 2577 710 2634 Interim
702 2597 731 2634 m
750 2577 847 2651 capite
868 2587 939 2634 sunt
954 2579 1082 2634 marium
1101 2581 1236 2636 omnium
1255 2592 1286 2637 et

215 2663 358 2722 arborum
376 2666 475 2736 venti,
492 2676 525 2722 ut
542 2667 616 2724 nihil
635 2669 769 2738 audiam,
786 2669 844 2724 nisi
861 2669 928 2741 quia
942 2685 992 2726 me
1004 2669 1124 2726 fortiter
1136 2670 1284 2729 inclamet.

213 2753 333 2812 Medici
351 2756 427 2814 bene
445 2765 475 2812 et
491 2758 566 2813 laete
583 2759 778 2831 promittunt,
802 2774 872 2816 esse
889 2761 1097 2833 purgationem
1116 2761 1283 2821 salubrem.-

215 2844 248 2899 id
275 2857 435 2916 exspecto.
468 2846 619 2904 Dominus
645 2849 750 2917 faciat,
776 2850 858 2922 quod
884 2851 998 2906 bonum
1024 2863 1081 2908 est.
1115 2852 1184 2908 Hoc
1212 2869 1283 2910 eane

215 2933 336 2990 lucrum
354 2946 417 3004 est,
442 2937 523 3008 quod
548 2937 640 2992 tutius
667 2939 735 3009 lego
759 2949 790 2995 et
811 2940 929 3008 scribo,
956 2943 1118 2999 contemtis
1137 2944 1284 3001 molestiis

215 3026 390 3097 vertiginis,
406 3027 520 3084 etiamsi
538 3029 671 3085 nondum
689 3045 799 3088 somno
817 3031 875 3086 frui
893 3031 983 3101 licet,
1000 3049 1060 3105 quo
1077 3034 1176 3089 soleo.
1210 3035 1284 3092 Non

215 3115 434 3186 haecscn'bo,
459 3128 493 3172 ut
515 3125 546 3172 tu
571 3117 645 3174 mihi
671 3120 770 3175 omnia
796 3136 835 3176 ex
852 3120 914 3176 hoc
932 3121 1039 3192 luciae,
1065 3123 1120 3180 sed
1137 3135 1172 3180 ut
1187 3141 1282 3196 seras,
1361 3135 1362 3142 ’

215 3203 387 3264 Dominum
404 3223 472 3264 esse
491 3208 520 3262 in
538 3219 635 3264 morte
652 3209 753 3266 vitam
789 3209 925 3266 Orationi
943 3210 1103 3270 Ecclesiae
1117 3213 1198 3272 hanc
1216 3233 1284 3289 pur.

216 3296 367 3366 gationem
392 3297 526 3394 imputo,
551 3296 659 3370 alioqui
682 3281 866 3370 impossibile
891 3300 1005 3358 luerit'
997 3313 1086 3359 reram
1102 3307 1283 3362 camerinam

218 3387 324 3459 capitis
341 3387 406 3444 mei
416 3398 474 3444 tam
493 3388 542 3443 diu
559 3389 647 3444 serre.
682 3389 785 3444 Valere
800 3399 830 3445 et
846 3399 929 3448 orate
946 3384 1058 3466 ¹⁶)pro
1075 3394 1183 3464 uobis,
1208 3397 1285 3456 sicul

269 3636 291 3687 ll
309 3635 335 3682 c.
345 3637 372 3682 ll.
391 3635 422 3683 A.
440 3637 486 3683 est.
535 3639 558 3690 2>
577 3637 638 3690 cc.
657 3639 802 3687 consultum.
852 3641 874 3694 1)
890 3641 988 3702 &aurit
1006 3641 1031 3691 B.
1081 3643 1232 3697 alffi-
1250 3653 1282 3695 et.

217 3705 325 3760 ωαῦ.
344 3707 490 3758 erecllorem
504 3713 531 3756 et
542 3711 705 3760 valentiorem
719 3713 743 3760 ln
757 3725 841 3770 opere.
891 3717 913 3768 ό)
931 3716 1133 3766 ὓ.6.-ιιιιιιιι.
1183 3721 1281 3773 ποθ.

219 3789 273 3827 earu
292 3791 343 3826 rena
360 3791 409 3829 me.
470 3785 493 3835 1)
512 3783 537 3828 (l.
547 3786 574 3830 6.
593 3785 669 3844 Quem
681 3811 707 3821 -
718 3808 743 3846 7·
755 3786 856 3844 capitis,
873 3799 958 3834 verum
973 3800 1022 3838 nou
1036 3790 1163 3848 intellexi,
1182 3793 1239 3850 quid
1252 3795 1283 3840 ιιι

218 3851 311 3910 neap.
350 3853 651 3913 'wath-phlegmata&
702 3861 735 3909 llll
750 3860 863 3906 A.mutl.
914 3865 947 3916 11)
962 3863 1122 3917 c.6.†suut.
1172 3869 1207 3918 12)
1221 3867 1282 3916 QG.

220 3929 322 3984 tuane,
371 3930 406 3981 13)
425 3929 485 3976 cu.
504 3931 653 3995 transenna
703 3933 945 3993 theologam.
970 3941 1115 3998 suamc.
1165 3944 1200 3998 15)
1219 3943 1281 3992 (1.1.

221 4003 300 4053 strae
314 4003 361 4052 aab
372 4025 398 4041 -·
411 4003 499 4054 saulu-
549 4007 584 4061 16)
598 4006 661 4055 0.(1.
674 4007 736 4055 Vale
750 4012 776 4060 et
788 4019 839 4058 ora.
