2682 4508
198 243 262 360 im
405 393 409 400 ι
582 337 589 354 .
684 287 776 362 me.

197 451 314 509 suaderi
331 450 462 527 nollent,
480 452 658 510 dimisimus.
692 452 736 509 lta
752 469 861 509 omnes
879 451 994 508 nobiles
1016 467 1085 507 suae
1106 447 1275 522 parochias

198 543 378 611 conferunt,
405 545 485 599 sicut
510 543 547 600 ab
570 545 922 615 antiquo'contulerunt,
947 542 1021 598 citra
1040 541 1194 611 Principis
1219 551 1275 594 ant

196 631 354 688 Ecclesiae
367 633 560 688 autoritatem.
596 631 715 708 Quodsi
728 633 851 688 Medler
864 631 968 702 figulos
985 631 1068 700 illos,
1085 629 1131 692 bit
1142 629 1274 698 etate,

197 721 525 790 excommunicaverit,
542 732 574 778 tu
586 722 714 793 jubeas,
734 734 766 777 ut
779 737 870 778 verua
889 735 919 776 et
932 722 1070 796 superior
1080 721 1275 792 Episcopus,

197 827 267 868 ease
286 812 416 884 quietos.
450 813 490 869 Et
506 808 681 870 Medlerum
698 821 826 881 coerce,
848 825 881 867 ut
904 831 957 882 ea,
982 829 1058 884 quae
1077 812 1162 884 pacis
1181 824 1271 880 sunt,

196 912 338 961 sectetur.
372 903 446 960 Non
463 913 509 958 est
526 904 700 971 ferendum,
718 916 750 960 ut
767 913 797 958 te
814 919 872 976 pro
889 904 970 957 larva
989 912 1019 957 et
1034 891 1272 958 fabula'habere

195 1005 387 1066 praesumat,
405 995 454 1050 cui
467 1006 513 1052 est
525 982 661 1068 imposita
674 1011 744 1050 cura
763 1005 794 1050 et
806 995 879 1050 ratio
898 993 1046 1049 reddenda
1056 993 1115 1066 'pro
1126 977 1272 1049 Ecclesia

195 1081 432 1154 Numburgenei.
466 1085 602 1141 Scribam
626 1085 672 1153 ei,
697 1085 747 1140 ubi
772 1099 849 1158 opus
874 1084 980 1152 fuerit,
1006 1087 1133 1152 acriter,
1160 1085 1213 1155 qni
1240 1087 1272 1139 in

194 1193 271 1250 pace
297 1175 493 1232 tumultuatur
516 1177 582 1232 sine
606 1193 710 1252 causer
742 1175 794 1230 Tu
819 1176 939 1231 interim
964 1186 1031 1231 esto
1049 1175 1096 1230 vir
1123 1175 1210 1230 tortis
1239 1185 1270 1232 et

173 1291 177 1298 ·
194 1269 322 1340 patiens.
356 1265 398 1323 Et
414 1279 446 1323 ut
457 1267 531 1326 nihil
544 1278 648 1340 poscet
666 1267 743 1321 aliud
755 1267 853 1322 tacere
871 1265 971 1339 (quod
983 1266 1073 1322 Deus
1090 1283 1155 1323 non
1168 1265 1283 1333 sinit),'

194 1369 293 1414 tumen
317 1359 421 1414 ld'cutn
446 1361 537 1414 istum
561 1357 695 1413 Diabolo
727 1357 930 1430 praeripuisti,
966 1369 996 1412 et
1027 1367 1196 1429 aequentur
1220 1357 1269 1413 sui

110 1501 114 1512 ,
193 1449 310 1506 fructus
327 1451 464 1522 copiose.
499 1449 532 1504 ln
552 1447 687 1504 Domino
705 1449 770 1504 vale
789 1465 877 1522 quam
896 1449 1019 1520 optime.
1052 1447 1170 1520 Scripsi
1187 1447 1267 1502 haec

195 1543 292 1613 capite
317 1541 395 1596 mele
421 1541 526 1596 affecto
551 1555 606 1614 per
628 1539 713 1596 huno
738 1540 828 1597 diem.
862 1539 929 1596 Fer.
947 1540 973 1595 d.
999 1550 1072 1614 post
1096 1539 1268 1598 Circumci.

195 1633 305 1702 aionis,
322 1631 493 1688 MDXLlI.

632 1722 646 1761 ρ
718 1761 724 1774 .
820 1697 862 1754 Τ.
879 1696 1031 1755 Martinus
1047 1695 1170 1753 Luther
1185 1696 1233 1758 D.

227 1958 269 2012 to.
285 1951 439 2020 uerunt.
596 1935 599 1943 ’
874 2041 878 2046 1
1004 1949 1064 2012 Νῠ.
1080 1915 1233 2010 ΜΜΧΙ..

513 2083 562 2152 utu
594 2078 736 2164 &utut
765 2079 942 2174 utentur.

193 2203 266 2264 uelit
279 2213 330 2262 ttnr
343 2183 389 2264 trit
402 2216 430 2270 n.
443 2215 484 2268 en.
498 2217 545 2265 unt
559 2217 583 2266 t.
601 2217 701 2271 turturi
719 2217 888 2266 truttmunt
903 2212 1080 2268 euetttdtttttt
1097 2212 1217 2266 merite
1229 2214 1260 2266 tet

502 2288 564 2338 tetur
578 2287 775 2344 modoettuuern
789 2289 859 2345 neten
872 2287 964 2344 torulo

651 2405 794 2422 m

289 2477 341 2526 tuit
354 2479 393 2527 tet
405 2478 552 2534 comittem
566 2478 727 2533 uutttdtut
739 2479 889 2533 &tumtum
906 2479 946 2532 tor
959 2475 1103 2537 §dilect
1118 2479 1168 2528 tut.

193 2587 248 2696 G.
268 2633 352 2693 etP·
386 2636 503 2710 Accepi
521 2646 607 2694 tuum
624 2637 752 2708 librum,
769 2638 810 2694 mi
827 2637 936 2707 Juste,
955 2647 1059 2694 contra
1077 2635 1260 2694 Tulrichum

177 2701 295 2796 fillum,
322 2738 352 2784 et
369 2727 487 2784 dabitur
509 2728 567 2786 sub
585 2731 717 2801 prelum:
742 2730 796 2786 sed
819 2745 906 2786 meus
918 2729 982 2799 jam
1004 2727 1103 2784 estin
1127 2727 1258 2783 edendor

192 2827 262 2889 poet
278 2825 423 2890 sequetur
447 2829 529 2875 tuus.
563 2819 709 2874 Nondum
734 2818 817 2894 potui
841 2820 1009 2892 perlegere:
1034 2819 1089 2874 vix
1113 2818 1258 2874 adductus

191 2923 278 2976 sum,
295 2919 328 2963 ut
346 2909 525 2966 scriberem:
543 2909 617 2965 adeo
633 2928 682 2967 me
700 2909 862 2984 pertaeduit
881 2909 966 2966 istius
983 2908 1108 2984 pessimi
1126 2909 1257 2966 hominia

190 3007 251 3052 tam
274 2997 388 3072 inepte,
412 3002 500 3055 etulta
517 3011 547 3056 et
563 3000 646 3056 niltili
667 3012 836 3070 argumenta
858 3002 999 3058 cacantis.
1035 3001 1116 3056 Mihi
1135 3002 1255 3072 dicitur,

192 3100 349 3144 auctorem
366 3105 436 3146 ecee
453 3089 683 3146 Carthasianum
702 3090 773 3146 illud
789 3105 976 3163 monstrum,
1001 3089 1160 3147 Pastorem
1180 3091 1256 3147 Mel.

191 3181 373 3250 eingeneem.
402 3179 502 3238 Credo
513 3190 612 3240 tamen
626 3181 724 3256 facile²
736 3199 841 3238 omnes
854 3183 931 3238 istos
947 3183 1021 3238 deoc
1034 3199 1088 3237 sua
1099 3181 1127 3248 ¹)
1140 3183 1256 3255 pulcer.

190 3273 267 3326 rima
284 3273 362 3328 dona
384 3272 414 3328 in
439 3273 526 3335 istam
543 3271 712 3330 Pandoram
736 3268 909 3330 contulie'se.
944 3271 1023 3330 Nam
1040 3273 1181 3330 Bucerus
1205 3291 1255 3346 per

190 3377 260 3420 rese
283 3364 354 3422 satia
381 3363 475 3420 t'oetet
498 3376 538 3420 ex
555 3364 639 3420 Actia
662 3363 943 3421 Ratisbonensibue.
975 3363 1108 3422 Meister
1133 3364 1254 3422 Griclel

190 3455 302 3528 pergit,
326 3464 360 3511 ut
378 3464 425 3511 eet
441 3455 567 3511 traditus
585 3455 724 3524 Satanae,
749 3468 779 3510 et
796 3456 905 3510 miscet
923 3454 989 3509 odia
1004 3464 1108 3510 contra
1126 3472 1203 3525 nos,
1226 3464 1253 3512 et

189 3543 303 3600 habent
320 3559 372 3599 sua
390 3535 471 3600 labr'a
488 3559 558 3602 suas
577 3545 717 3600 lactucas.
751 3544 892 3600 Christus
917 3556 1017 3601 servet
1033 3560 1091 3600 nos
1115 3543 1146 3600 in
1163 3545 1252 3602 verbo

190 3647 248 3688 euo
274 3645 380 3689 sancto
397 3647 497 3704 gratos
524 3647 552 3688 et
569 3647 759 3703 constantes,
783 3640 891 3690 Amen.
925 3634 1007 3690 Aliae
1031 3635 1126 3706 plura.
1161 3637 1264 3704 Saluta

190 3721 253 3780 Du
275 3723 460 3781 Fridericum
477 3726 589 3790 (otium
608 3745 668 3782 non
687 3726 765 3796 erat)
789 3737 818 3782 et
838 3741 921 3782 orate
938 3745 994 3798 pro
1011 3727 1111 3784 nobie.
1144 3727 1212 3786 Fer
1226 3731 1250 3784 3.

193 3826 264 3886 poet
280 3815 427 3885 Erhardi,
441 3809 613 3876 MDXLII.

886 3883 1040 3944 Martinus
1056 3883 1220 3944 Lutlrerue.

244 4005 265 4054 t)
287 4003 367 4086 uun.
381 4003 481 4064 §tuae
