2650 4512
522 239 612 310 tato
719 229 721 232 ’
762 193 764 210 ’
1036 245 1100 316 609
1150 325 1156 336 ¹

101 397 154 456 De
171 399 396 474 quaestionibus
408 397 580 474 Einaideiii,
598 343 645 458 itia
663 402 788 474 majoris
804 411 852 460 eat
864 404 1026 472 momenti,
1043 423 1103 478 qua

33 500 67 546 tu
86 491 240 564 disputas,
264 493 353 566 patria
379 509 491 548 nomen
515 495 553 548 ita
571 493 708 550 maledici
733 495 902 553 aeubditis.
937 497 997 555 Ista
1014 511 1106 552 causa
1153 520 1161 531 ·

33 581 188 656 explorari
207 582 331 638 deberet
348 593 378 638 et
397 583 561 639 remedium
579 585 692 659 quaeri.

102 672 154 728 De
173 673 339 744 praebenda
356 673 582 744 Nutuburgeuai
600 674 660 729 filio
678 691 736 731 auo
759 673 825 730 data
842 693 897 750 per
913 661 1105 750 Principem,

33 763 94 820 etsi
111 765 218 818 nescio
236 764 309 837 quid
325 777 446 818 moveat
462 763 654 836 Principem,
673 777 703 820 et
719 783 774 820 cur
791 767 894 836 faciat,
912 779 1011 826 tamen
1029 769 1108 826 sinat

32 854 156 926 interim
184 853 276 910 fitium
303 871 392 912 suurn
419 872 454 910 ea
479 856 557 924 frui,
587 856 685 912 donec
711 857 764 912 lux
792 859 892 914 omnia
916 861 1042 932 aperiat,
1066 876 1107 918 ue

32 943 171 1016 Principi
189 943 298 1000 maltam
315 955 425 998 nomen
444 955 510 1000 ante
528 954 647 1016 tempus
666 947 801 1014 suscitet

100 1036 152 1091 De
178 1035 298 1106 pascuis
323 1049 473 1106 equorum
497 1034 575 1090 sinat
599 1035 734 1091 similiter
760 1037 869 1092 vadere
894 1041 977 1111 quod
1001 1039 1100 1109 vadit,

31 1125 134 1184 donec
149 1125 273 1181 audierit
290 1126 462 1197 querelam,
479 1118 611 1180 maxime
630 1143 700 1181 cum
718 1139 831 1182 tantum
851 1129 972 1200 largitus
989 1132 1038 1187 ait.

47 1287 56 1295 .
101 1217 153 1274 De
181 1232 317 1288 caupona
345 1215 457 1270 nullam
484 1216 613 1270 iacerem
638 1217 862 1289 quaestionem,
894 1237 965 1276 cuna
992 1222 1021 1276 in
1046 1222 1107 1278 hac
1183 1205 1185 1212 ¹

30 1308 209 1365 venditione
235 1307 314 1362 nulia
338 1315 476 1378 appareat
500 1306 598 1373 frana,
626 1317 657 1360 et
678 1306 806 1363 liberum
832 1318 878 1364 est
895 1313 1023 1382 cauponi
1044 1330 1108 1369 uon

32 1398 167 1454 retinere
186 1407 313 1464 emtam,
337 1407 372 1484 ut
389 1394 509 1452 scribis.
543 1395 624 1450 Haec
641 1399 689 1464 (ut
705 1401 796 1469 puto)
817 1386 890 1454 citra
906 1401 1107 1459 adulationem

33 1471 221 1562 respondeo.

46 1593 51 1610 ¹
105 1579 231 1634 Librum
250 1587 333 1634 tuum
351 1576 522 1646 adornabo,
545 1583 577 1630 ut
594 1576 689 1648 petia,
712 1575 769 1632 sub
786 1579 920 1651 prelum,
944 1599 1034 1655 quam
1051 1598 1112 1660 po.

32 1681 104 1729 tero
130 1670 277 1740 primum,
302 1669 328 1724 si
351 1673 458 1723 ornare
484 1677 529 1723 eut
551 1683 634 1722 meaa
653 1669 852 1740 praefationes
870 1671 1004 1728 sordidas
1021 1690 1108 1746 prae.

30 1762 130 1820 linere
147 1760 241 1816 libris.

103 1851 260 1906 Caeterum
278 1849 385 1919 gratias
403 1863 459 1917 ago
475 1814 518 1902 D.
537 1845 574 1900 ab
585 1845 718 1901 Einsidei
736 1855 791 1918 pro
806 1843 929 1908 recturi
945 1857 1107 1926 promisca.

31 1904 146 1999 iiabuit
169 1956 256 1996 meua
281 1937 379 1994 Ketha
405 1951 478 1992 suos
502 1953 609 1992 currus
636 1949 665 1992 et
690 1956 785 2011 equos
810 1942 839 1996 in
859 1943 1024 2012 lundors,
1051 1946 1106 2004 aed
1181 1992 1186 2005 .

29 2033 190 2094 redierunt
214 2029 365 2096 frustrati,
392 2043 463 2082 cum
489 2042 559 2098 prae
584 2027 704 2084 nivibus
727 2030 801 2086 nihil
820 2045 946 2104 poesent
974 2035 1105 2095 efficere.

29 2124 156 2183 Rursus
179 2123 266 2192 igitur
288 2135 342 2175 eos
366 2119 470 2186 mittit,
493 2127 523 2172 et
540 2117 611 2190 quid
628 2119 699 2173 velit
723 2117 803 2191 fieri,
829 2124 960 2182 curabit:
984 2129 1041 2196 aed
1064 2147 1104 2196 ne

30 2196 81 2272 uia
101 2215 219 2287 iuterim
232 2212 356 2268 ferietur
372 2219 402 2266 et
415 2217 503 2263 vacet
514 2209 647 2264 ferendis
664 2212 780 2280 ungatis
798 2229 948 2285 equorum
966 2227 997 2273 et
1010 2221 1105 2275 cantia

29 2314 177 2361 rotarum.
212 2301 248 2358 Iu
266 2299 403 2356 Domiuo'
419 2297 503 2353 ·beue
522 2297 586 2352 vale
614 2307 644 2354 et
668 2315 793 2372 ora-pro
814 2317 874 2360 me.
909 2311 953 2378 10.
966 2307 1104 2368 Decem.

28 2395 117 2464 urta,
137 2390 323 2449 moratu.
862 2415 865 2424 .
974 2411 1024 2430 ..,

123 2520 126 2529 .
718 2455 758 2514 Τ.
776 2457 870 2516 Mart.
886 2459 1006 2523 Lutltar
1023 2464 1066 2538 D.

65 2789 326 2856 10οι0ιο00.
398 2779 401 2784 ’
654 2751 1109 2869 ''uouuctxxxna'

340 2921 389 3006 utu
410 2931 506 3016 Stat.
529 2917 787 3014 0900000000,

32 3099 34 3102 ·
64 3090 90 3141 8.
104 3087 254 3142 0000010999.
268 3087 323 3136 010,
337 3083 414 3139 idutu
427 3083 571 3140 titmuiinta
583 3082 716 3137 00000109,
733 3087 863 3140 uenerati
876 3085 1005 3142 ermom
1015 3088 1061 3144 901
1076 3109 1079 3113 ·

15 3151 19 3162 ’
153 3159 230 3215 atain
243 3159 376 3216 00000000
390 3159 435 3206 attt
446 3155 610 3220 operaturum
623 3158 761 3212 090ίο100000
774 3161 882 3214 uturum
896 3164 972 3210 aaut.
1106 3209 1109 3216 ,

111 3396 164 3446 atui
177 3398 216 3444 tet
229 3392 460 3450 tutmusftsdtu
474 3392 623 3459 eammtuua
636 3400 663 3445 au
677 3391 744 3451 pout
758 3395 798 3448 tta
812 3393 959 3453 6ώῆοο2.
969 3395 1016 3446 290.

354 3457 431 3524 aaut.
444 3462 666 3514 Auriiabarlli.
681 3466 758 3516 dits.

29 3603 70 3660 V
66 3599 247 3660 enerahzlr
235 3619 270 3656 m
281 3599 424 3659 Domino
438 3597 538 3667 Viro,
554 3597 702 3653 Johonm'
712 3598 913 3672 Mattkesio,
928 3601 1094 3684 Ministro

375 3687 711 3757 uerbifidelissimo.

29 3799 181 3904 Gratiam
193 3848 224 3896 et
235 3855 342 3916 pacem
358 3839 388 3896 in
399 3793 547 3894 Domino.
578 3834 705 3893 Dictum
715 3848 764 3894 eet
774 3825 860 3894 mihi
861 3851 876 3892 a
888 3838 936 3896 Μ
950 3841 1141 3918 casparo,

27 3948 61 3993 tc
80 3931 216 3993 nonnihil
234 3931 386 3989 solicitum
411 3946 480 3990 eece
497 3929 534 3986 da
551 3909 703 4000 tyrannide
729 3938 759 3984 et
781 3931 885 3987 iurare
901 3929 1094 4008 Ferdinau‘di,¹

116 4021 273 4104 ‘dii-V
770 4129 773 4136 ¹
851 4029 892 4096 39

1139 2851 1148 2892 i
