<?xml version="1.0" encoding="UTF-8"?>
<!DOCTYPE html PUBLIC "-//W3C//DTD XHTML 1.0 Transitional//EN"
    "http://www.w3.org/TR/xhtml1/DTD/xhtml1-transitional.dtd">
<html xmlns="http://www.w3.org/1999/xhtml" xml:lang="en" lang="en">
 <head>
  <title>
</title>
<meta http-equiv="Content-Type" content="text/html;charset=utf-8" />
  <meta name='ocr-system' content='tesseract 3.04.00' />
  <meta name='ocr-capabilities' content='ocr_page ocr_carea ocr_par ocr_line ocrx_word'/>
</head>
<body>
  <div class='ocr_page' id='page_1' title='image "./briefesendschre01luthgoog/briefesendschre01luthgoog_0568.png"; bbox 0 0 2718 4508; ppageno 0'>
   <div class='ocr_carea' id='block_1_1' title="bbox 195 255 775 416">
    <p class='ocr_par' dir='ltr' id='par_1_1' title="bbox 195 255 775 416">
     <span class='ocr_line' id='line_1_1' title="bbox 195 255 775 416; baseline 0.005 -42"><span class='ocrx_word' id='word_1_1' title='bbox 195 255 259 374; x_wconf 72' lang='lat' dir='ltr'><strong>las</strong></span> <span class='ocrx_word' id='word_1_2' title='bbox 402 408 406 416; x_wconf 21' lang='grc' dir='ltr'>Ι</span> <span class='ocrx_word' id='word_1_3' title='bbox 579 351 586 366; x_wconf 94' lang='grc'><strong>.</strong></span> <span class='ocrx_word' id='word_1_4' title='bbox 682 299 775 377; x_wconf 78' lang='lat' dir='ltr'><strong>asts.</strong></span> 
     </span>
    </p>
   </div>
   <div class='ocr_carea' id='block_1_2' title="bbox 170 461 1277 1443">
    <p class='ocr_par' dir='ltr' id='par_1_2' title="bbox 170 461 1277 1443">
     <span class='ocr_line' id='line_1_2' title="bbox 195 461 1263 542; baseline -0.005 -18"><span class='ocrx_word' id='word_1_5' title='bbox 195 465 312 524; x_wconf 78' lang='lat' dir='ltr'>suaderi</span> <span class='ocrx_word' id='word_1_6' title='bbox 329 465 459 542; x_wconf 85' lang='lat' dir='ltr'><strong>nollent,</strong></span> <span class='ocrx_word' id='word_1_7' title='bbox 477 465 654 524; x_wconf 78' lang='lat' dir='ltr'><strong>dimisimus.</strong></span> <span class='ocrx_word' id='word_1_8' title='bbox 689 466 733 524; x_wconf 85' lang='lat' dir='ltr'><strong>lta</strong></span> <span class='ocrx_word' id='word_1_9' title='bbox 750 483 859 523; x_wconf 83' lang='lat' dir='ltr'><strong>omnes</strong></span> <span class='ocrx_word' id='word_1_10' title='bbox 876 464 991 521; x_wconf 87' lang='lat' dir='ltr'><strong>nobiles</strong></span> <span class='ocrx_word' id='word_1_11' title='bbox 1013 480 1082 521; x_wconf 87' lang='lat' dir='ltr'><strong>snas</strong></span> <span class='ocrx_word' id='word_1_12' title='bbox 1101 461 1263 537; x_wconf 81' lang='lat' dir='ltr'><strong>par‘dclsiss</strong></span> 
     </span>
     <span class='ocr_line' id='line_1_3' title="bbox 195 554 1264 630; baseline -0.001 -20"><span class='ocrx_word' id='word_1_13' title='bbox 195 559 375 626; x_wconf 79' lang='lat' dir='ltr'><strong>conferunt,</strong></span> <span class='ocrx_word' id='word_1_14' title='bbox 402 559 482 612; x_wconf 85' lang='lat' dir='ltr'><strong>sicut</strong></span> <span class='ocrx_word' id='word_1_15' title='bbox 507 558 544 614; x_wconf 84' lang='lat' dir='ltr'><strong>ab</strong></span> <span class='ocrx_word' id='word_1_16' title='bbox 567 559 688 630; x_wconf 84' lang='lat' dir='ltr'><strong>antiquo</strong></span> <span class='ocrx_word' id='word_1_17' title='bbox 693 559 918 624; x_wconf 84' lang='lat' dir='ltr'><strong>contulerunt,</strong></span> <span class='ocrx_word' id='word_1_18' title='bbox 944 557 1018 611; x_wconf 83' lang='lat' dir='ltr'><strong>citra</strong></span> <span class='ocrx_word' id='word_1_19' title='bbox 1037 554 1186 625; x_wconf 82' lang='lat' dir='ltr'><strong>Principis</strong></span> <span class='ocrx_word' id='word_1_20' title='bbox 1211 565 1264 609; x_wconf 82' lang='lat' dir='ltr'><strong>aut</strong></span> 
     </span>
     <span class='ocr_line' id='line_1_4' title="bbox 193 643 1262 732; baseline -0.001 -30"><span class='ocrx_word' id='word_1_21' title='bbox 193 645 352 702; x_wconf 79' lang='lat' dir='ltr'><strong>Ecclesiae</strong></span> <span class='ocrx_word' id='word_1_22' title='bbox 364 646 557 703; x_wconf 73' lang='lat' dir='ltr'><strong>autoritatem.</strong></span> <span class='ocrx_word' id='word_1_23' title='bbox 592 645 712 722; x_wconf 78' lang='lat' dir='ltr'><strong>Quodsi</strong></span> <span class='ocrx_word' id='word_1_24' title='bbox 725 647 848 732; x_wconf 87' lang='lat' dir='ltr'><strong>Medler</strong></span> <span class='ocrx_word' id='word_1_25' title='bbox 861 645 965 716; x_wconf 80' lang='lat' dir='ltr'><strong>figulos</strong></span> <span class='ocrx_word' id='word_1_26' title='bbox 982 645 1064 715; x_wconf 88' lang='lat' dir='ltr'><strong>illos,</strong></span> <span class='ocrx_word' id='word_1_27' title='bbox 1082 643 1125 704; x_wconf 75' lang='lat' dir='ltr'><strong>lit</strong></span> <span class='ocrx_word' id='word_1_28' title='bbox 1138 643 1262 712; x_wconf 62' lang='lat' dir='ltr'><strong>25th</strong></span> 
     </span>
     <span class='ocr_line' id='line_1_5' title="bbox 195 721 1264 810; baseline -0.003 -20"><span class='ocrx_word' id='word_1_29' title='bbox 195 735 522 804; x_wconf 84' lang='lat' dir='ltr'><strong>excommunicaverit,</strong></span> <span class='ocrx_word' id='word_1_30' title='bbox 539 745 571 792; x_wconf 91' lang='lat' dir='ltr'><strong>tu</strong></span> <span class='ocrx_word' id='word_1_31' title='bbox 583 737 711 807; x_wconf 85' lang='lat' dir='ltr'><strong>jubeas,</strong></span> <span class='ocrx_word' id='word_1_32' title='bbox 730 749 763 791; x_wconf 91' lang='lat' dir='ltr'><strong>ut</strong></span> <span class='ocrx_word' id='word_1_33' title='bbox 776 752 867 791; x_wconf 83' lang='lat' dir='ltr'><strong>verus</strong></span> <span class='ocrx_word' id='word_1_34' title='bbox 886 749 915 791; x_wconf 88' lang='lat' dir='ltr'><strong>et</strong></span> <span class='ocrx_word' id='word_1_35' title='bbox 929 735 1066 810; x_wconf 84' lang='lat' dir='ltr'><strong>superior</strong></span> <span class='ocrx_word' id='word_1_36' title='bbox 1077 721 1264 806; x_wconf 81' lang='lat' dir='ltr'><strong>Episcopus,</strong></span> 
     </span>
     <span class='ocr_line' id='line_1_6' title="bbox 195 822 1260 898; baseline -0.004 -16"><span class='ocrx_word' id='word_1_37' title='bbox 195 841 265 882; x_wconf 85' lang='lat' dir='ltr'><strong>osse</strong></span> <span class='ocrx_word' id='word_1_38' title='bbox 283 826 414 898; x_wconf 86' lang='lat' dir='ltr'><strong>quietos.</strong></span> <span class='ocrx_word' id='word_1_39' title='bbox 447 825 486 883; x_wconf 87' lang='lat' dir='ltr'><strong>Et</strong></span> <span class='ocrx_word' id='word_1_40' title='bbox 503 822 679 884; x_wconf 88' lang='lat' dir='ltr'><strong>Medlerum</strong></span> <span class='ocrx_word' id='word_1_41' title='bbox 695 835 823 896; x_wconf 78' lang='lat' dir='ltr'><strong>oodrce,</strong></span> <span class='ocrx_word' id='word_1_42' title='bbox 845 839 878 882; x_wconf 89' lang='lat' dir='ltr'><strong>ut</strong></span> <span class='ocrx_word' id='word_1_43' title='bbox 901 844 954 895; x_wconf 77' lang='lat' dir='ltr'><strong>ee,</strong></span> <span class='ocrx_word' id='word_1_44' title='bbox 979 843 1055 898; x_wconf 86' lang='lat' dir='ltr'><strong>quae</strong></span> <span class='ocrx_word' id='word_1_45' title='bbox 1073 825 1155 897; x_wconf 82' lang='lat' dir='ltr'><strong>pacis</strong></span> <span class='ocrx_word' id='word_1_46' title='bbox 1174 837 1243 880; x_wconf 87' lang='lat' dir='ltr'><strong>sunt</strong></span> <span class='ocrx_word' id='word_1_47' title='bbox 1250 864 1260 893; x_wconf 91' lang='lat'><strong>,</strong></span> 
     </span>
     <span class='ocr_line' id='line_1_7' title="bbox 193 915 1261 990; baseline -0.005 -15"><span class='ocrx_word' id='word_1_48' title='bbox 193 925 336 975; x_wconf 72' lang='lat' dir='ltr'><strong>sectetur.</strong></span> <span class='ocrx_word' id='word_1_49' title='bbox 369 917 443 974; x_wconf 90' lang='lat' dir='ltr'><strong>Non</strong></span> <span class='ocrx_word' id='word_1_50' title='bbox 460 928 506 974; x_wconf 87' lang='lat' dir='ltr'><strong>est</strong></span> <span class='ocrx_word' id='word_1_51' title='bbox 523 918 696 986; x_wconf 83' lang='lat' dir='ltr'><strong>ferendum,</strong></span> <span class='ocrx_word' id='word_1_52' title='bbox 715 930 747 974; x_wconf 86' lang='lat' dir='ltr'><strong>ut</strong></span> <span class='ocrx_word' id='word_1_53' title='bbox 764 927 794 972; x_wconf 83' lang='lat' dir='ltr'><strong>te</strong></span> <span class='ocrx_word' id='word_1_54' title='bbox 812 933 869 990; x_wconf 90' lang='lat' dir='ltr'><strong>pro</strong></span> <span class='ocrx_word' id='word_1_55' title='bbox 886 919 967 971; x_wconf 83' lang='lat' dir='ltr'><strong>larva</strong></span> <span class='ocrx_word' id='word_1_56' title='bbox 986 925 1015 970; x_wconf 86' lang='lat' dir='ltr'><strong>et</strong></span> <span class='ocrx_word' id='word_1_57' title='bbox 1031 915 1261 970; x_wconf 79' lang='lat' dir='ltr'><strong>fabula&#39;laabrre</strong></span> 
     </span>
     <span class='ocr_line' id='line_1_8' title="bbox 192 991 1262 1083; baseline -0.002 -21"><span class='ocrx_word' id='word_1_58' title='bbox 192 1019 383 1080; x_wconf 81' lang='lat' dir='ltr'><strong>praesumet,</strong></span> <span class='ocrx_word' id='word_1_59' title='bbox 401 1010 451 1064; x_wconf 90' lang='lat' dir='ltr'><strong>cui</strong></span> <span class='ocrx_word' id='word_1_60' title='bbox 464 1021 510 1066; x_wconf 86' lang='lat' dir='ltr'><strong>est</strong></span> <span class='ocrx_word' id='word_1_61' title='bbox 522 996 658 1083; x_wconf 83' lang='lat' dir='ltr'><strong>imposita</strong></span> <span class='ocrx_word' id='word_1_62' title='bbox 671 1025 741 1064; x_wconf 83' lang='lat' dir='ltr'><strong>cura</strong></span> <span class='ocrx_word' id='word_1_63' title='bbox 760 1020 791 1064; x_wconf 92' lang='lat' dir='ltr'><strong>et</strong></span> <span class='ocrx_word' id='word_1_64' title='bbox 803 1008 876 1063; x_wconf 85' lang='lat' dir='ltr'><strong>ratio</strong></span> <span class='ocrx_word' id='word_1_65' title='bbox 894 1006 1042 1062; x_wconf 88' lang='lat' dir='ltr'><strong>reddenda</strong></span> <span class='ocrx_word' id='word_1_66' title='bbox 1054 1007 1109 1080; x_wconf 85' lang='lat' dir='ltr'><strong>&#39;pro</strong></span> <span class='ocrx_word' id='word_1_67' title='bbox 1121 991 1262 1062; x_wconf 75' lang='lat' dir='ltr'><strong>Ecclesia</strong></span> 
     </span>
     <span class='ocr_line' id='line_1_9' title="bbox 192 1095 1262 1172; baseline -0.002 -18"><span class='ocrx_word' id='word_1_68' title='bbox 192 1095 429 1169; x_wconf 84' lang='lat' dir='ltr'><strong>Numburgeusi.</strong></span> <span class='ocrx_word' id='word_1_69' title='bbox 463 1099 599 1155; x_wconf 80' lang='lat' dir='ltr'><strong>Scribam</strong></span> <span class='ocrx_word' id='word_1_70' title='bbox 623 1099 668 1167; x_wconf 83' lang='lat' dir='ltr'><strong>ei,</strong></span> <span class='ocrx_word' id='word_1_71' title='bbox 694 1099 743 1154; x_wconf 87' lang='lat' dir='ltr'><strong>ubi</strong></span> <span class='ocrx_word' id='word_1_72' title='bbox 769 1113 845 1172; x_wconf 84' lang='lat' dir='ltr'><strong>opus</strong></span> <span class='ocrx_word' id='word_1_73' title='bbox 871 1097 976 1165; x_wconf 75' lang='lat' dir='ltr'><strong>tuerit,</strong></span> <span class='ocrx_word' id='word_1_74' title='bbox 1002 1099 1128 1164; x_wconf 86' lang='lat' dir='ltr'><strong>acriter,</strong></span> <span class='ocrx_word' id='word_1_75' title='bbox 1154 1095 1262 1168; x_wconf 85' lang='lat' dir='ltr'><strong>quiin</strong></span> 
     </span>
     <span class='ocr_line' id='line_1_10' title="bbox 191 1187 1262 1263; baseline -0.001 -19"><span class='ocrx_word' id='word_1_76' title='bbox 191 1205 268 1263; x_wconf 84' lang='lat' dir='ltr'><strong>pace</strong></span> <span class='ocrx_word' id='word_1_77' title='bbox 294 1190 490 1246; x_wconf 76' lang='lat' dir='ltr'><strong>tumultuatur</strong></span> <span class='ocrx_word' id='word_1_78' title='bbox 513 1193 579 1246; x_wconf 85' lang='lat' dir='ltr'><strong>eine</strong></span> <span class='ocrx_word' id='word_1_79' title='bbox 603 1206 704 1245; x_wconf 87' lang='lat' dir='ltr'><strong>causa.</strong></span> <span class='ocrx_word' id='word_1_80' title='bbox 739 1188 791 1246; x_wconf 79' lang='grc' dir='ltr'><strong>Τιι</strong></span> <span class='ocrx_word' id='word_1_81' title='bbox 817 1189 935 1244; x_wconf 88' lang='lat' dir='ltr'><strong>interim</strong></span> <span class='ocrx_word' id='word_1_82' title='bbox 960 1197 1027 1245; x_wconf 93' lang='lat' dir='ltr'><strong>esto</strong></span> <span class='ocrx_word' id='word_1_83' title='bbox 1046 1187 1093 1244; x_wconf 79' lang='lat' dir='ltr'><strong>sir</strong></span> <span class='ocrx_word' id='word_1_84' title='bbox 1118 1189 1204 1243; x_wconf 83' lang='lat' dir='ltr'><strong>fortis</strong></span> <span class='ocrx_word' id='word_1_85' title='bbox 1230 1197 1262 1244; x_wconf 88' lang='lat' dir='ltr'><strong>et</strong></span> 
     </span>
     <span class='ocr_line' id='line_1_11' title="bbox 170 1259 1277 1354; baseline -0.002 -19"><span class='ocrx_word' id='word_1_86' title='bbox 170 1281 319 1354; x_wconf 78' lang='lat' dir='ltr'><strong>pauens</strong></span> <span class='ocrx_word' id='word_1_87' title='bbox 353 1281 395 1338; x_wconf 88' lang='lat' dir='ltr'><strong>Et</strong></span> <span class='ocrx_word' id='word_1_88' title='bbox 412 1293 444 1337; x_wconf 90' lang='lat' dir='ltr'><strong>ut</strong></span> <span class='ocrx_word' id='word_1_89' title='bbox 454 1281 528 1340; x_wconf 79' lang='lat' dir='ltr'><strong>mhtl</strong></span> <span class='ocrx_word' id='word_1_90' title='bbox 541 1291 646 1354; x_wconf 87' lang='lat' dir='ltr'><strong>posset</strong></span> <span class='ocrx_word' id='word_1_91' title='bbox 663 1259 739 1335; x_wconf 81' lang='lat' dir='ltr'><strong>aliud</strong></span> <span class='ocrx_word' id='word_1_92' title='bbox 751 1279 850 1336; x_wconf 83' lang='lat' dir='ltr'><strong>facere</strong></span> <span class='ocrx_word' id='word_1_93' title='bbox 868 1279 968 1352; x_wconf 89' lang='lat' dir='ltr'><strong>(quod</strong></span> <span class='ocrx_word' id='word_1_94' title='bbox 980 1279 1069 1334; x_wconf 85' lang='lat' dir='ltr'><strong>Deus</strong></span> <span class='ocrx_word' id='word_1_95' title='bbox 1087 1295 1149 1334; x_wconf 89' lang='lat' dir='ltr'><strong>non</strong></span> <span class='ocrx_word' id='word_1_96' title='bbox 1161 1277 1261 1346; x_wconf 83' lang='lat' dir='ltr'><strong>sinit),</strong></span> <span class='ocrx_word' id='word_1_97' title='bbox 1272 1279 1277 1297; x_wconf 86' lang='lat'><em>&#39;</em></span> 
     </span>
     <span class='ocr_line' id='line_1_12' title="bbox 191 1370 1262 1443; baseline -0.003 -15"><span class='ocrx_word' id='word_1_98' title='bbox 191 1383 290 1428; x_wconf 89' lang='lat' dir='ltr'><strong>tamen</strong></span> <span class='ocrx_word' id='word_1_99' title='bbox 314 1373 419 1428; x_wconf 80' lang='lat' dir='ltr'><strong>locum</strong></span> <span class='ocrx_word' id='word_1_100' title='bbox 444 1374 534 1429; x_wconf 88' lang='lat' dir='ltr'><strong>istum</strong></span> <span class='ocrx_word' id='word_1_101' title='bbox 558 1371 692 1427; x_wconf 81' lang='lat' dir='ltr'><strong>Diubolo</strong></span> <span class='ocrx_word' id='word_1_102' title='bbox 723 1371 927 1443; x_wconf 83' lang='lat' dir='ltr'><strong>praeripuisti,</strong></span> <span class='ocrx_word' id='word_1_103' title='bbox 962 1381 993 1425; x_wconf 89' lang='lat' dir='ltr'><strong>et</strong></span> <span class='ocrx_word' id='word_1_104' title='bbox 1024 1379 1189 1442; x_wconf 86' lang='lat' dir='ltr'><strong>sequentur</strong></span> <span class='ocrx_word' id='word_1_105' title='bbox 1213 1370 1262 1426; x_wconf 85' lang='lat' dir='ltr'><strong>sui</strong></span> 
     </span>
    </p>
   </div>
   <div class='ocr_carea' id='block_1_3' title="bbox 107 1459 1261 1535">
    <p class='ocr_par' dir='ltr' id='par_1_3' title="bbox 107 1459 1261 1535">
     <span class='ocr_line' id='line_1_13' title="bbox 107 1459 1261 1535; baseline -0.005 -14"><span class='ocrx_word' id='word_1_106' title='bbox 107 1513 111 1526; x_wconf 90' lang='lat'><strong>.</strong></span> <span class='ocrx_word' id='word_1_107' title='bbox 190 1463 307 1521; x_wconf 78' lang='lat' dir='ltr'><strong>fructus</strong></span> <span class='ocrx_word' id='word_1_108' title='bbox 324 1465 462 1535; x_wconf 86' lang='lat' dir='ltr'><strong>copiose.</strong></span> <span class='ocrx_word' id='word_1_109' title='bbox 495 1463 529 1520; x_wconf 90' lang='lat' dir='ltr'><strong>ln</strong></span> <span class='ocrx_word' id='word_1_110' title='bbox 549 1461 684 1518; x_wconf 91' lang='lat' dir='ltr'><strong>Domino</strong></span> <span class='ocrx_word' id='word_1_111' title='bbox 702 1463 767 1518; x_wconf 86' lang='lat' dir='ltr'><strong>vale</strong></span> <span class='ocrx_word' id='word_1_112' title='bbox 785 1479 873 1535; x_wconf 83' lang='lat' dir='ltr'><strong>quum</strong></span> <span class='ocrx_word' id='word_1_113' title='bbox 892 1461 1016 1533; x_wconf 88' lang='lat' dir='ltr'><strong>optime.</strong></span> <span class='ocrx_word' id='word_1_114' title='bbox 1050 1459 1164 1533; x_wconf 74' lang='lat' dir='ltr'><strong>Scripsi</strong></span> <span class='ocrx_word' id='word_1_115' title='bbox 1181 1459 1261 1516; x_wconf 85' lang='lat' dir='ltr'><strong>haec</strong></span> 
     </span>
    </p>
   </div>
   <div class='ocr_carea' id='block_1_4' title="bbox 192 1551 1262 1628">
    <p class='ocr_par' dir='ltr' id='par_1_4' title="bbox 192 1551 1262 1628">
     <span class='ocr_line' id='line_1_14' title="bbox 192 1551 1262 1628; baseline 0.001 -19"><span class='ocrx_word' id='word_1_116' title='bbox 192 1557 289 1627; x_wconf 84' lang='lat' dir='ltr'><strong>capite</strong></span> <span class='ocrx_word' id='word_1_117' title='bbox 315 1554 392 1610; x_wconf 84' lang='lat' dir='ltr'><strong>male</strong></span> <span class='ocrx_word' id='word_1_118' title='bbox 418 1555 523 1610; x_wconf 79' lang='lat' dir='ltr'><strong>affecto</strong></span> <span class='ocrx_word' id='word_1_119' title='bbox 548 1567 603 1628; x_wconf 85' lang='lat' dir='ltr'><strong>per</strong></span> <span class='ocrx_word' id='word_1_120' title='bbox 625 1553 709 1609; x_wconf 82' lang='lat' dir='ltr'><strong>hunc</strong></span> <span class='ocrx_word' id='word_1_121' title='bbox 734 1553 824 1610; x_wconf 90' lang='lat' dir='ltr'><strong>diem.</strong></span> <span class='ocrx_word' id='word_1_122' title='bbox 858 1553 926 1609; x_wconf 89' lang='lat' dir='ltr'><strong>Fer.</strong></span> <span class='ocrx_word' id='word_1_123' title='bbox 943 1552 970 1608; x_wconf 81' lang='grc'><strong>6.</strong></span> <span class='ocrx_word' id='word_1_124' title='bbox 996 1563 1068 1627; x_wconf 84' lang='lat' dir='ltr'><strong>post</strong></span> <span class='ocrx_word' id='word_1_125' title='bbox 1093 1551 1262 1610; x_wconf 68' lang='lat' dir='ltr'><strong>CircumcL</strong></span> 
     </span>
    </p>
   </div>
   <div class='ocr_carea' id='block_1_5' title="bbox 192 1643 1226 1786">
    <p class='ocr_par' dir='ltr' id='par_1_5' title="bbox 192 1643 1226 1786">
     <span class='ocr_line' id='line_1_15' title="bbox 192 1643 969 1722; baseline -0.015 -20"><span class='ocrx_word' id='word_1_126' title='bbox 192 1647 302 1716; x_wconf 88' lang='lat' dir='ltr'><strong>sionis,</strong></span> <span class='ocrx_word' id='word_1_127' title='bbox 320 1643 491 1702; x_wconf 81' lang='lat' dir='ltr'><strong>MDXLH.</strong></span> <span class='ocrx_word' id='word_1_128' title='bbox 963 1710 969 1722; x_wconf 34' lang='grc'>1</span> 
     </span>
     <span class='ocr_line' id='line_1_16' title="bbox 629 1707 1226 1786; baseline -0.01 -15"><span class='ocrx_word' id='word_1_129' title='bbox 629 1728 643 1776; x_wconf 81' lang='lat' dir='ltr'><strong>s</strong></span> <span class='ocrx_word' id='word_1_130' title='bbox 714 1775 720 1786; x_wconf 37' lang='lat'><strong><em>¹</em></strong></span> <span class='ocrx_word' id='word_1_131' title='bbox 816 1710 858 1768; x_wconf 88' lang='grc' dir='ltr'><strong>Τ.</strong></span> <span class='ocrx_word' id='word_1_132' title='bbox 875 1709 1027 1768; x_wconf 72' lang='lat' dir='ltr'><strong>Martinus</strong></span> <span class='ocrx_word' id='word_1_133' title='bbox 1044 1707 1164 1766; x_wconf 87' lang='lat' dir='ltr'><strong>Luther</strong></span> <span class='ocrx_word' id='word_1_134' title='bbox 1179 1709 1226 1770; x_wconf 83' lang='lat' dir='ltr'><strong>D.</strong></span> 
     </span>
    </p>
   </div>
   <div class='ocr_carea' id='block_1_6' title="bbox 224 1929 1227 2060">
    <p class='ocr_par' dir='ltr' id='par_1_6' title="bbox 224 1929 1227 2060">
     <span class='ocr_line' id='line_1_17' title="bbox 224 1929 1227 2060; baseline 0.002 -38"><span class='ocrx_word' id='word_1_135' title='bbox 224 1971 266 2026; x_wconf 81' lang='lat' dir='ltr'><strong>to.</strong></span> <span class='ocrx_word' id='word_1_136' title='bbox 282 1963 436 2033; x_wconf 65' lang='lat' dir='ltr'><strong>sununs.</strong></span> <span class='ocrx_word' id='word_1_137' title='bbox 592 1947 596 1956; x_wconf 79' lang='grc'><strong>’</strong></span> <span class='ocrx_word' id='word_1_138' title='bbox 871 2053 875 2060; x_wconf 23' lang='grc'>1</span> <span class='ocrx_word' id='word_1_139' title='bbox 1001 1963 1060 2024; x_wconf 67' lang='grc' dir='ltr'><strong>ΝΟ.</strong></span> <span class='ocrx_word' id='word_1_140' title='bbox 1077 1929 1227 2024; x_wconf 65' lang='lat' dir='ltr'><strong>MMltL.v</strong></span> 
     </span>
    </p>
   </div>
   <div class='ocr_carea' id='block_1_7' title="bbox 510 2091 938 2184">
    <p class='ocr_par' dir='ltr' id='par_1_7' title="bbox 510 2091 938 2184">
     <span class='ocr_line' id='line_1_18' title="bbox 510 2091 938 2184; baseline -0.012 -21"><span class='ocrx_word' id='word_1_141' title='bbox 510 2095 559 2164; x_wconf 76' lang='lat' dir='ltr'><strong>litt</strong></span> <span class='ocrx_word' id='word_1_142' title='bbox 591 2091 732 2184; x_wconf 63' lang='lat' dir='ltr'><strong>Stilus</strong></span> <span class='ocrx_word' id='word_1_143' title='bbox 762 2093 938 2164; x_wconf 79' lang='lat' dir='ltr'><strong>llituiut.</strong></span> 
     </span>
    </p>
   </div>
   <div class='ocr_carea' id='block_1_8' title="bbox 190 2197 1258 2357">
    <p class='ocr_par' dir='ltr' id='par_1_8' title="bbox 190 2197 1258 2357">
     <span class='ocr_line' id='line_1_19' title="bbox 190 2197 1258 2284; baseline -0.004 -6"><span class='ocrx_word' id='word_1_144' title='bbox 190 2215 263 2278; x_wconf 74' lang='lat' dir='ltr'><strong>cuc</strong></span> <span class='ocrx_word' id='word_1_145' title='bbox 276 2227 327 2276; x_wconf 78' lang='lat' dir='ltr'><strong>rtur</strong></span> <span class='ocrx_word' id='word_1_146' title='bbox 339 2197 387 2276; x_wconf 69' lang='grc' dir='ltr'><strong>ιιι</strong></span> <span class='ocrx_word' id='word_1_147' title='bbox 398 2228 427 2284; x_wconf 70' lang='lat'><strong>3.</strong></span> <span class='ocrx_word' id='word_1_148' title='bbox 440 2228 481 2280; x_wconf 72' lang='lat' dir='ltr'><strong>m.</strong></span> <span class='ocrx_word' id='word_1_149' title='bbox 495 2231 542 2277; x_wconf 81' lang='lat' dir='ltr'><strong>unt</strong></span> <span class='ocrx_word' id='word_1_150' title='bbox 555 2229 580 2279; x_wconf 74' lang='lat' dir='ltr'><strong>t.</strong></span> <span class='ocrx_word' id='word_1_151' title='bbox 598 2229 698 2284; x_wconf 72' lang='lat' dir='ltr'><strong>enutriet</strong></span> <span class='ocrx_word' id='word_1_152' title='bbox 715 2229 884 2278; x_wconf 69' lang='lat' dir='ltr'><strong>sentiemes</strong></span> <span class='ocrx_word' id='word_1_153' title='bbox 899 2225 1076 2283; x_wconf 62' lang='lat' dir='ltr'><strong>§reundum</strong></span> <span class='ocrx_word' id='word_1_154' title='bbox 1093 2225 1212 2279; x_wconf 76' lang='lat' dir='ltr'><strong>(ueruto</strong></span> <span class='ocrx_word' id='word_1_155' title='bbox 1224 2225 1258 2279; x_wconf 77' lang='lat' dir='ltr'><strong>tu</strong></span> 
     </span>
     <span class='ocr_line' id='line_1_20' title="bbox 499 2299 961 2357; baseline -0.004 -7"><span class='ocrx_word' id='word_1_156' title='bbox 499 2301 561 2350; x_wconf 78' lang='lat' dir='ltr'><strong>tritu</strong></span> <span class='ocrx_word' id='word_1_157' title='bbox 574 2299 771 2356; x_wconf 50' lang='lat' dir='ltr'><strong>&amp;conciturum</strong></span> <span class='ocrx_word' id='word_1_158' title='bbox 785 2301 855 2357; x_wconf 70' lang='lat' dir='ltr'><strong>astru</strong></span> <span class='ocrx_word' id='word_1_159' title='bbox 869 2299 961 2356; x_wconf 58' lang='lat' dir='ltr'><strong>tucn).</strong></span> 
     </span>
    </p>
   </div>
   <div class='ocr_carea' id='block_1_9' title="bbox 647 2418 791 2434">
    <p class='ocr_par' dir='ltr' id='par_1_9' title="bbox 647 2418 791 2434">
     <span class='ocr_line' id='line_1_21' title="bbox 647 2418 791 2434; baseline -0.014 -2"><span class='ocrx_word' id='word_1_160' title='bbox 647 2418 791 2434; x_wconf 53' lang='grc' dir='ltr'><strong>υ*</strong></span> 
     </span>
    </p>
   </div>
   <div class='ocr_carea' id='block_1_10' title="bbox 210 2449 1163 2550">
    <p class='ocr_par' dir='ltr' id='par_1_10' title="bbox 210 2449 1163 2550">
     <span class='ocr_line' id='line_1_22' title="bbox 210 2449 1163 2550; baseline 0 -12"><span class='ocrx_word' id='word_1_161' title='bbox 210 2449 213 2454; x_wconf 23' lang='lat'><strong>¹</strong></span> <span class='ocrx_word' id='word_1_162' title='bbox 285 2490 338 2538; x_wconf 82' lang='lat' dir='ltr'><strong>ttut</strong></span> <span class='ocrx_word' id='word_1_163' title='bbox 351 2491 391 2539; x_wconf 82' lang='grc' dir='ltr'><strong>ιιι</strong></span> <span class='ocrx_word' id='word_1_164' title='bbox 401 2491 549 2548; x_wconf 68' lang='lat' dir='ltr'><strong>sarmatiam</strong></span> <span class='ocrx_word' id='word_1_165' title='bbox 563 2491 724 2544; x_wconf 73' lang='lat' dir='ltr'><strong>sutirum</strong></span> <span class='ocrx_word' id='word_1_166' title='bbox 736 2493 886 2546; x_wconf 64' lang='lat' dir='ltr'><strong>&amp;amulum</strong></span> <span class='ocrx_word' id='word_1_167' title='bbox 902 2492 943 2544; x_wconf 82' lang='lat' dir='ltr'><strong>tm</strong></span> <span class='ocrx_word' id='word_1_168' title='bbox 956 2487 1068 2550; x_wconf 67' lang='lat' dir='ltr'><strong>&amp;dtur</strong></span> <span class='ocrx_word' id='word_1_169' title='bbox 1082 2490 1099 2538; x_wconf 88' lang='lat' dir='ltr'><strong>t.</strong></span> <span class='ocrx_word' id='word_1_170' title='bbox 1114 2492 1163 2540; x_wconf 81' lang='lat' dir='ltr'><strong>ts..</strong></span> 
     </span>
    </p>
   </div>
   <div class='ocr_carea' id='block_1_11' title="bbox 174 2599 1287 3720">
    <p class='ocr_par' dir='ltr' id='par_1_11' title="bbox 174 2599 1287 3720">
     <span class='ocr_line' id='line_1_23' title="bbox 190 2599 1261 2722; baseline -0.001 -15"><span class='ocrx_word' id='word_1_171' title='bbox 190 2599 246 2722; x_wconf 63' lang='lat' dir='ltr'><strong>G·</strong></span> <span class='ocrx_word' id='word_1_172' title='bbox 265 2645 349 2708; x_wconf 78' lang='lat' dir='ltr'><strong>etP</strong></span> <span class='ocrx_word' id='word_1_173' title='bbox 383 2649 500 2722; x_wconf 80' lang='lat' dir='ltr'><strong>Accepi</strong></span> <span class='ocrx_word' id='word_1_174' title='bbox 518 2658 604 2705; x_wconf 90' lang='lat' dir='ltr'><strong>tuum</strong></span> <span class='ocrx_word' id='word_1_175' title='bbox 621 2649 749 2720; x_wconf 85' lang='lat' dir='ltr'><strong>librum,</strong></span> <span class='ocrx_word' id='word_1_176' title='bbox 765 2650 806 2706; x_wconf 87' lang='lat' dir='ltr'><strong>mi</strong></span> <span class='ocrx_word' id='word_1_177' title='bbox 824 2651 932 2719; x_wconf 87' lang='lat' dir='ltr'><strong>Juste,</strong></span> <span class='ocrx_word' id='word_1_178' title='bbox 951 2659 1056 2706; x_wconf 81' lang='lat' dir='ltr'><strong>contra</strong></span> <span class='ocrx_word' id='word_1_179' title='bbox 1074 2647 1261 2706; x_wconf 84' lang='lat' dir='ltr'><strong>Tulrichum</strong></span> 
     </span>
     <span class='ocr_line' id='line_1_24' title="bbox 174 2713 1258 2812; baseline 0.003 -20"><span class='ocrx_word' id='word_1_180' title='bbox 174 2713 292 2807; x_wconf 77' lang='lat' dir='ltr'><strong>‘&#39;illum,</strong></span> <span class='ocrx_word' id='word_1_181' title='bbox 318 2751 349 2796; x_wconf 89' lang='lat' dir='ltr'><strong>et</strong></span> <span class='ocrx_word' id='word_1_182' title='bbox 365 2739 484 2796; x_wconf 85' lang='lat' dir='ltr'><strong>dabitur</strong></span> <span class='ocrx_word' id='word_1_183' title='bbox 506 2739 563 2798; x_wconf 88' lang='lat' dir='ltr'><strong>sub</strong></span> <span class='ocrx_word' id='word_1_184' title='bbox 582 2741 713 2812; x_wconf 88' lang='lat' dir='ltr'><strong>prelum.</strong></span> <span class='ocrx_word' id='word_1_185' title='bbox 739 2742 793 2798; x_wconf 87' lang='lat' dir='ltr'><strong>sed</strong></span> <span class='ocrx_word' id='word_1_186' title='bbox 815 2742 978 2812; x_wconf 88' lang='lat' dir='ltr'><strong>meusjam</strong></span> <span class='ocrx_word' id='word_1_187' title='bbox 1001 2752 1048 2798; x_wconf 88' lang='lat' dir='ltr'><strong>est</strong></span> <span class='ocrx_word' id='word_1_188' title='bbox 1070 2740 1100 2796; x_wconf 87' lang='lat' dir='ltr'><strong>in</strong></span> <span class='ocrx_word' id='word_1_189' title='bbox 1123 2740 1258 2796; x_wconf 88' lang='lat' dir='ltr'><strong>edendo.</strong></span> 
     </span>
     <span class='ocr_line' id='line_1_25' title="bbox 189 2829 1259 2904; baseline 0.004 -22"><span class='ocrx_word' id='word_1_190' title='bbox 189 2839 259 2901; x_wconf 87' lang='lat' dir='ltr'><strong>post</strong></span> <span class='ocrx_word' id='word_1_191' title='bbox 275 2839 420 2904; x_wconf 86' lang='lat' dir='ltr'><strong>sequetur</strong></span> <span class='ocrx_word' id='word_1_192' title='bbox 444 2841 526 2887; x_wconf 88' lang='lat' dir='ltr'><strong>tuus.</strong></span> <span class='ocrx_word' id='word_1_193' title='bbox 560 2829 706 2886; x_wconf 87' lang='lat' dir='ltr'><strong>Nondum</strong></span> <span class='ocrx_word' id='word_1_194' title='bbox 730 2829 813 2904; x_wconf 89' lang='lat' dir='ltr'><strong>potui</strong></span> <span class='ocrx_word' id='word_1_195' title='bbox 838 2833 1006 2904; x_wconf 81' lang='lat' dir='ltr'><strong>perlegere.</strong></span> <span class='ocrx_word' id='word_1_196' title='bbox 1031 2832 1084 2886; x_wconf 86' lang='lat' dir='ltr'><strong>vix</strong></span> <span class='ocrx_word' id='word_1_197' title='bbox 1109 2831 1259 2886; x_wconf 83' lang='lat' dir='ltr'><strong>adductus</strong></span> 
     </span>
     <span class='ocr_line' id='line_1_26' title="bbox 188 2913 1287 2998; baseline 0.005 -24"><span class='ocrx_word' id='word_1_198' title='bbox 188 2935 274 2990; x_wconf 89' lang='lat' dir='ltr'><strong>sum,</strong></span> <span class='ocrx_word' id='word_1_199' title='bbox 292 2931 325 2976; x_wconf 88' lang='lat' dir='ltr'><strong>ut</strong></span> <span class='ocrx_word' id='word_1_200' title='bbox 342 2921 521 2978; x_wconf 85' lang='lat' dir='ltr'><strong>scriberem:</strong></span> <span class='ocrx_word' id='word_1_201' title='bbox 540 2921 614 2977; x_wconf 87' lang='lat' dir='ltr'><strong>adeo</strong></span> <span class='ocrx_word' id='word_1_202' title='bbox 630 2940 679 2978; x_wconf 91' lang='lat' dir='ltr'><strong>me</strong></span> <span class='ocrx_word' id='word_1_203' title='bbox 696 2920 858 2996; x_wconf 86' lang='lat' dir='ltr'><strong>pertaeduit</strong></span> <span class='ocrx_word' id='word_1_204' title='bbox 878 2921 962 2979; x_wconf 88' lang='lat' dir='ltr'><strong>istius</strong></span> <span class='ocrx_word' id='word_1_205' title='bbox 979 2921 1104 2998; x_wconf 88' lang='lat' dir='ltr'><strong>pessimi</strong></span> <span class='ocrx_word' id='word_1_206' title='bbox 1122 2921 1258 2980; x_wconf 85' lang='lat' dir='ltr'><strong>hominis</strong></span> <span class='ocrx_word' id='word_1_207' title='bbox 1283 2913 1287 2920; x_wconf 68' lang='grc'><strong>’</strong></span> 
     </span>
     <span class='ocr_line' id='line_1_27' title="bbox 187 3009 1256 3084; baseline 0.004 -20"><span class='ocrx_word' id='word_1_208' title='bbox 187 3019 247 3064; x_wconf 88' lang='lat' dir='ltr'><strong>tam</strong></span> <span class='ocrx_word' id='word_1_209' title='bbox 270 3011 385 3084; x_wconf 77' lang='lat' dir='ltr'><strong>inepta,</strong></span> <span class='ocrx_word' id='word_1_210' title='bbox 409 3014 497 3067; x_wconf 87' lang='lat' dir='ltr'><strong>stulta</strong></span> <span class='ocrx_word' id='word_1_211' title='bbox 513 3025 543 3068; x_wconf 90' lang='lat' dir='ltr'><strong>et</strong></span> <span class='ocrx_word' id='word_1_212' title='bbox 559 3013 643 3068; x_wconf 82' lang='lat' dir='ltr'><strong>nilrili</strong></span> <span class='ocrx_word' id='word_1_213' title='bbox 663 3025 833 3083; x_wconf 79' lang='lat' dir='ltr'><strong>argumenta</strong></span> <span class='ocrx_word' id='word_1_214' title='bbox 854 3014 996 3070; x_wconf 89' lang='lat' dir='ltr'><strong>cacantis.</strong></span> <span class='ocrx_word' id='word_1_215' title='bbox 1031 3013 1112 3069; x_wconf 87' lang='lat' dir='ltr'><strong>Mihi</strong></span> <span class='ocrx_word' id='word_1_216' title='bbox 1130 3009 1256 3084; x_wconf 79' lang='lat' dir='ltr'><strong>dicitur,</strong></span> 
     </span>
     <span class='ocr_line' id='line_1_28' title="bbox 189 3101 1259 3174; baseline 0.002 -18"><span class='ocrx_word' id='word_1_217' title='bbox 189 3111 346 3157; x_wconf 88' lang='lat' dir='ltr'><strong>auctorem</strong></span> <span class='ocrx_word' id='word_1_218' title='bbox 362 3117 432 3158; x_wconf 84' lang='lat' dir='ltr'><strong>esse</strong></span> <span class='ocrx_word' id='word_1_219' title='bbox 450 3101 679 3159; x_wconf 76' lang='lat' dir='ltr'><strong>earthustanum</strong></span> <span class='ocrx_word' id='word_1_220' title='bbox 698 3104 769 3160; x_wconf 90' lang='lat' dir='ltr'><strong>illud</strong></span> <span class='ocrx_word' id='word_1_221' title='bbox 786 3117 972 3174; x_wconf 83' lang='lat' dir='ltr'><strong>monstrum,</strong></span> <span class='ocrx_word' id='word_1_222' title='bbox 997 3103 1156 3160; x_wconf 83' lang='lat' dir='ltr'><strong>Pastorem</strong></span> <span class='ocrx_word' id='word_1_223' title='bbox 1175 3103 1259 3160; x_wconf 86' lang='lat' dir='ltr'><strong>Mel.</strong></span> 
     </span>
     <span class='ocr_line' id='line_1_29' title="bbox 188 3193 1258 3268; baseline 0.004 -22"><span class='ocrx_word' id='word_1_224' title='bbox 188 3193 369 3262; x_wconf 77' lang='lat' dir='ltr'><strong>singcnsem.</strong></span> <span class='ocrx_word' id='word_1_225' title='bbox 398 3193 498 3250; x_wconf 87' lang='lat' dir='ltr'><strong>Credo</strong></span> <span class='ocrx_word' id='word_1_226' title='bbox 510 3203 608 3252; x_wconf 85' lang='lat' dir='ltr'><strong>tamen</strong></span> <span class='ocrx_word' id='word_1_227' title='bbox 622 3194 721 3268; x_wconf 69' lang='lat' dir='ltr'><strong>facile,</strong></span> <span class='ocrx_word' id='word_1_228' title='bbox 732 3211 837 3250; x_wconf 88' lang='lat' dir='ltr'><strong>omnes</strong></span> <span class='ocrx_word' id='word_1_229' title='bbox 850 3195 928 3250; x_wconf 86' lang='lat' dir='ltr'><strong>istos</strong></span> <span class='ocrx_word' id='word_1_230' title='bbox 943 3195 1018 3250; x_wconf 88' lang='lat' dir='ltr'><strong>deos</strong></span> <span class='ocrx_word' id='word_1_231' title='bbox 1030 3211 1084 3249; x_wconf 83' lang='lat' dir='ltr'><strong>sua</strong></span> <span class='ocrx_word' id='word_1_232' title='bbox 1095 3193 1123 3261; x_wconf 86' lang='lat'><strong>¹)</strong></span> <span class='ocrx_word' id='word_1_233' title='bbox 1136 3195 1258 3267; x_wconf 87' lang='lat' dir='ltr'><strong>pulcer.</strong></span> 
     </span>
     <span class='ocr_line' id='line_1_30' title="bbox 187 3279 1258 3358; baseline 0.004 -20"><span class='ocrx_word' id='word_1_234' title='bbox 187 3284 263 3338; x_wconf 89' lang='lat' dir='ltr'><strong>rima</strong></span> <span class='ocrx_word' id='word_1_235' title='bbox 281 3284 358 3339; x_wconf 90' lang='lat' dir='ltr'><strong>dona</strong></span> <span class='ocrx_word' id='word_1_236' title='bbox 381 3284 411 3340; x_wconf 90' lang='lat' dir='ltr'><strong>io</strong></span> <span class='ocrx_word' id='word_1_237' title='bbox 435 3286 523 3348; x_wconf 82' lang='lat' dir='ltr'><strong>istam</strong></span> <span class='ocrx_word' id='word_1_238' title='bbox 540 3284 709 3344; x_wconf 77' lang='lat' dir='ltr'><strong>Pandoram</strong></span> <span class='ocrx_word' id='word_1_239' title='bbox 732 3279 906 3342; x_wconf 80' lang='lat' dir='ltr'><strong>contulisse.</strong></span> <span class='ocrx_word' id='word_1_240' title='bbox 940 3279 1020 3342; x_wconf 88' lang='lat' dir='ltr'><strong>Nam</strong></span> <span class='ocrx_word' id='word_1_241' title='bbox 1037 3285 1176 3342; x_wconf 87' lang='lat' dir='ltr'><strong>Bucerus</strong></span> <span class='ocrx_word' id='word_1_242' title='bbox 1202 3303 1258 3358; x_wconf 85' lang='lat' dir='ltr'><strong>per</strong></span> 
     </span>
     <span class='ocr_line' id='line_1_31' title="bbox 187 3375 1257 3434; baseline 0.003 -4"><span class='ocrx_word' id='word_1_243' title='bbox 187 3389 257 3430; x_wconf 82' lang='lat' dir='ltr'><strong>sese</strong></span> <span class='ocrx_word' id='word_1_244' title='bbox 280 3375 351 3434; x_wconf 86' lang='lat' dir='ltr'><strong>satis</strong></span> <span class='ocrx_word' id='word_1_245' title='bbox 378 3375 471 3432; x_wconf 76' lang='lat' dir='ltr'><strong>foetet</strong></span> <span class='ocrx_word' id='word_1_246' title='bbox 495 3389 534 3432; x_wconf 84' lang='lat' dir='ltr'><strong>ex</strong></span> <span class='ocrx_word' id='word_1_247' title='bbox 552 3377 636 3433; x_wconf 86' lang='lat' dir='ltr'><strong>Actis</strong></span> <span class='ocrx_word' id='word_1_248' title='bbox 658 3376 939 3434; x_wconf 82' lang='lat' dir='ltr'><strong>Ratisbonensibus.</strong></span> <span class='ocrx_word' id='word_1_249' title='bbox 972 3375 1105 3434; x_wconf 88' lang='lat' dir='ltr'><strong>Meister</strong></span> <span class='ocrx_word' id='word_1_250' title='bbox 1128 3377 1257 3434; x_wconf 80' lang='lat' dir='ltr'><strong>Griclrel</strong></span> 
     </span>
     <span class='ocr_line' id='line_1_32' title="bbox 186 3466 1257 3542; baseline 0.006 -24"><span class='ocrx_word' id='word_1_251' title='bbox 186 3466 298 3539; x_wconf 80' lang='lat' dir='ltr'><strong>pergit,</strong></span> <span class='ocrx_word' id='word_1_252' title='bbox 323 3475 357 3522; x_wconf 93' lang='lat' dir='ltr'><strong>ut</strong></span> <span class='ocrx_word' id='word_1_253' title='bbox 374 3477 421 3522; x_wconf 90' lang='lat' dir='ltr'><strong>est</strong></span> <span class='ocrx_word' id='word_1_254' title='bbox 438 3467 563 3523; x_wconf 84' lang='lat' dir='ltr'><strong>traditus</strong></span> <span class='ocrx_word' id='word_1_255' title='bbox 581 3468 720 3542; x_wconf 83' lang='lat' dir='ltr'><strong>Satanae,</strong></span> <span class='ocrx_word' id='word_1_256' title='bbox 745 3481 775 3524; x_wconf 94' lang='lat' dir='ltr'><strong>et</strong></span> <span class='ocrx_word' id='word_1_257' title='bbox 792 3468 901 3523; x_wconf 86' lang='lat' dir='ltr'><strong>miscet</strong></span> <span class='ocrx_word' id='word_1_258' title='bbox 919 3467 984 3522; x_wconf 84' lang='lat' dir='ltr'><strong>odis</strong></span> <span class='ocrx_word' id='word_1_259' title='bbox 1000 3478 1105 3523; x_wconf 74' lang='lat' dir='ltr'><strong>contra</strong></span> <span class='ocrx_word' id='word_1_260' title='bbox 1121 3483 1201 3538; x_wconf 89' lang='lat' dir='ltr'><strong>nos,</strong></span> <span class='ocrx_word' id='word_1_261' title='bbox 1226 3475 1257 3524; x_wconf 89' lang='lat' dir='ltr'><strong>et</strong></span> 
     </span>
     <span class='ocr_line' id='line_1_33' title="bbox 186 3547 1257 3614; baseline 0 0"><span class='ocrx_word' id='word_1_262' title='bbox 186 3555 300 3614; x_wconf 85' lang='lat' dir='ltr'><strong>habent</strong></span> <span class='ocrx_word' id='word_1_263' title='bbox 317 3571 369 3610; x_wconf 89' lang='lat' dir='ltr'><strong>sua</strong></span> <span class='ocrx_word' id='word_1_264' title='bbox 386 3547 467 3612; x_wconf 81' lang='lat' dir='ltr'><strong>labr&#39;a</strong></span> <span class='ocrx_word' id='word_1_265' title='bbox 485 3561 555 3614; x_wconf 80' lang='lat' dir='ltr'><strong>suas</strong></span> <span class='ocrx_word' id='word_1_266' title='bbox 573 3557 713 3614; x_wconf 84' lang='lat' dir='ltr'><strong>lactucas.</strong></span> <span class='ocrx_word' id='word_1_267' title='bbox 747 3557 888 3614; x_wconf 88' lang='lat' dir='ltr'><strong>Christus</strong></span> <span class='ocrx_word' id='word_1_268' title='bbox 912 3569 1014 3613; x_wconf 87' lang='lat' dir='ltr'><strong>servet</strong></span> <span class='ocrx_word' id='word_1_269' title='bbox 1030 3573 1087 3612; x_wconf 88' lang='lat' dir='ltr'><strong>nos</strong></span> <span class='ocrx_word' id='word_1_270' title='bbox 1112 3557 1142 3612; x_wconf 91' lang='lat' dir='ltr'><strong>in</strong></span> <span class='ocrx_word' id='word_1_271' title='bbox 1159 3555 1257 3614; x_wconf 86' lang='lat' dir='ltr'><strong>verbo</strong></span> 
     </span>
     <span class='ocr_line' id='line_1_34' title="bbox 186 3647 1271 3720; baseline 0.006 -20"><span class='ocrx_word' id='word_1_272' title='bbox 186 3661 244 3701; x_wconf 79' lang='lat' dir='ltr'><strong>suo</strong></span> <span class='ocrx_word' id='word_1_273' title='bbox 271 3657 377 3701; x_wconf 86' lang='lat' dir='ltr'><strong>sancto</strong></span> <span class='ocrx_word' id='word_1_274' title='bbox 393 3659 494 3717; x_wconf 83' lang='lat' dir='ltr'><strong>gratos</strong></span> <span class='ocrx_word' id='word_1_275' title='bbox 520 3659 548 3701; x_wconf 90' lang='lat' dir='ltr'><strong>et</strong></span> <span class='ocrx_word' id='word_1_276' title='bbox 566 3659 755 3715; x_wconf 86' lang='lat' dir='ltr'><strong>constantes,</strong></span> <span class='ocrx_word' id='word_1_277' title='bbox 780 3652 887 3702; x_wconf 82' lang='lat' dir='ltr'><strong>Amen.</strong></span> <span class='ocrx_word' id='word_1_278' title='bbox 921 3647 1003 3702; x_wconf 83' lang='lat' dir='ltr'><strong>Alias</strong></span> <span class='ocrx_word' id='word_1_279' title='bbox 1028 3648 1122 3720; x_wconf 86' lang='lat' dir='ltr'><strong>plura.</strong></span> <span class='ocrx_word' id='word_1_280' title='bbox 1157 3648 1271 3717; x_wconf 80' lang='lat' dir='ltr'><strong>Saluta.</strong></span> 
     </span>
    </p>
   </div>
   <div class='ocr_carea' id='block_1_12' title="bbox 187 3735 1255 3811">
    <p class='ocr_par' dir='ltr' id='par_1_12' title="bbox 187 3735 1255 3811">
     <span class='ocr_line' id='line_1_35' title="bbox 187 3735 1255 3811; baseline 0.003 -18"><span class='ocrx_word' id='word_1_281' title='bbox 187 3735 250 3793; x_wconf 90' lang='lat' dir='ltr'><strong>Dn.</strong></span> <span class='ocrx_word' id='word_1_282' title='bbox 271 3736 456 3794; x_wconf 86' lang='lat' dir='ltr'><strong>Friderioum</strong></span> <span class='ocrx_word' id='word_1_283' title='bbox 474 3738 585 3803; x_wconf 88' lang='lat' dir='ltr'><strong>(otium</strong></span> <span class='ocrx_word' id='word_1_284' title='bbox 604 3738 761 3808; x_wconf 78' lang='lat' dir='ltr'><strong>nouerat)</strong></span> <span class='ocrx_word' id='word_1_285' title='bbox 785 3750 815 3795; x_wconf 90' lang='lat' dir='ltr'><strong>et</strong></span> <span class='ocrx_word' id='word_1_286' title='bbox 834 3754 916 3796; x_wconf 80' lang='lat' dir='ltr'><strong>orate</strong></span> <span class='ocrx_word' id='word_1_287' title='bbox 934 3757 991 3811; x_wconf 85' lang='lat' dir='ltr'><strong>pro</strong></span> <span class='ocrx_word' id='word_1_288' title='bbox 1007 3739 1108 3796; x_wconf 85' lang='lat' dir='ltr'><strong>nobis.</strong></span> <span class='ocrx_word' id='word_1_289' title='bbox 1140 3740 1210 3798; x_wconf 87' lang='lat' dir='ltr'><strong>Fer.</strong></span> <span class='ocrx_word' id='word_1_290' title='bbox 1228 3744 1255 3798; x_wconf 93' lang='grc'><strong>3.</strong></span> 
     </span>
    </p>
   </div>
   <div class='ocr_carea' id='block_1_13' title="bbox 189 3823 1222 3956">
    <p class='ocr_par' dir='ltr' id='par_1_13' title="bbox 189 3823 1209 3956">
     <span class='ocr_line' id='line_1_36' title="bbox 189 3823 609 3900; baseline 0.002 -16"><span class='ocrx_word' id='word_1_291' title='bbox 189 3841 260 3900; x_wconf 84' lang='lat' dir='ltr'><strong>post</strong></span> <span class='ocrx_word' id='word_1_292' title='bbox 276 3829 423 3898; x_wconf 87' lang='lat' dir='ltr'><strong>Erhardi,</strong></span> <span class='ocrx_word' id='word_1_293' title='bbox 438 3823 609 3888; x_wconf 80' lang='lat' dir='ltr'><strong>MDXLII.</strong></span> 
     </span>
     <span class='ocr_line' id='line_1_37' title="bbox 882 3895 1222 3956; baseline 0 0"><span class='ocrx_word' id='word_1_294' title='bbox 882 3895 1036 3956; x_wconf 86' lang='lat' dir='ltr'><strong>Martinus</strong></span> <span class='ocrx_word' id='word_1_295' title='bbox 1053 3896 1222 3956; x_wconf 80' lang='lat' dir='ltr'><strong>Lutlserus.</strong></span> 
     </span>
    </p>
   </div>
   <div class='ocr_carea' id='block_1_14' title="bbox 241 4016 477 4100">
    <p class='ocr_par' dir='ltr' id='par_1_14' title="bbox 241 4016 477 4100">
     <span class='ocr_line' id='line_1_38' title="bbox 241 4016 477 4100; baseline 0 -38"><span class='ocrx_word' id='word_1_296' title='bbox 241 4019 262 4068; x_wconf 83' lang='lat' dir='ltr'><strong>t&gt;</strong></span> <span class='ocrx_word' id='word_1_297' title='bbox 283 4017 364 4100; x_wconf 57' lang='lat' dir='ltr'><strong>meunt.</strong></span> <span class='ocrx_word' id='word_1_298' title='bbox 377 4016 477 4076; x_wconf 55' lang='lat' dir='ltr'><strong>§tuse</strong></span> 
     </span>
    </p>
   </div>
   <div class='ocr_carea' id='block_1_15' title="bbox 0 0 1364 4508">
    <p class='ocr_par' dir='ltr' id='par_1_15' title="bbox 0 0 1364 4508">
     <span class='ocr_line' id='line_1_39' title="bbox 0 0 1364 4508; baseline 0 2"><span class='ocrx_word' id='word_1_299' title='bbox 0 0 1364 4508; x_wconf 95' lang='lat' dir='ltr'><strong> </strong></span> 
     </span>
    </p>
   </div>
  </div>
 </body>
</html>
