2650 4512
799 268 806 298 l

531 299 624 373 ms
975 256 1157 370 'us

34 445 131 514 lite'ris
155 471 223 526 esse
246 459 276 517 in
294 461 461 521 constantia
478 477 531 520 sua
551 473 713 531 vexatum,
736 473 836 524 tamen
859 461 976 536 c‘ttlparn
1002 459 1031 517 in
1049 457 1107 518 Pa.

34 549 340 624 storevaeorgium
359 554 516 626 rejiciens,
541 569 609 609 sese
628 563 760 624 paratum
779 571 846 612 esse
864 555 962 609 omnia
979 551 1058 607 lerre
1077 561 1107 607 et

34 641 160 712 facere,
184 643 277 700 morlo
293 643 403 705 Pastor
429 645 496 717 ipse
515 644 642 714 liugnam
658 643 840 718 tempera'ret
865 657 900 698 so
924 641 1106 698 insectandis

34 734 192 805 personis:
218 735 288 790 vitis
312 735 492 808 reprebendi
517 733 662 791 laudabat.
695 733 763 806 Ego
787 735 855 807 quia
876 733 952 790 haec
968 733 1105 806 quaestio

33 823 71 880 du
98 825 236 896 personis
261 835 292 881 et
314 826 394 881 uitiis
412 827 575 898 aequivoca
592 833 657 889 est.
680 824 753 880 nssril
773 825 856 881 volui
879 824 956 880 aliud
981 823 1107 896 promit.

32 921 100 970 tere
110 955 121 985 ‚
140 931 230 988 quam
242 931 291 970 me
308 920 491 986 scripturum
509 919 544 971 ad
562 925 610 985 te,
630 917 679 970 cui
694 916 767 971 istae
777 915 936 971 Ecclesiae
948 929 1105 970 commen.-

32 1003 118 1060 datas
136 1013 246 1061 essent.
282 1003 384 1081 Quare
402 1017 432 1060 te
449 1021 523 1073 oro,
539 1013 573 1060 ut
591 1021 647 1078 pro
664 1003 763 1060 officio
782 1017 834 1060 tuo
853 1005 1013 1077 explores,
1032 1019 1104 1060 num

30 1104 95 1152 tota
120 1094 206 1170 plebs
224 1093 479 1166 Creuzburgensis
503 1094 533 1150 iu
550 1093 711 1152 Pastorem
738 1106 891 1152 commuta
911 1095 968 1164 sit,
994 1093 1044 1151 vei
1067 1112 1105 1153 au

30 1183 148 1259 Pastor
163 1186 503 1262 insectandolpersonaa
521 1185 749 1257 intempestivus
767 1187 824 1254 sit,
849 1193 880 1242 et
896 1201 959 1241 rem
981 1201 1037 1256 pro
1054 1195 1104 1243 tua

31 1277 191 1352 prudentia
208 1293 374 1349 componas
391 1275 441 1338 vel
459 1274 552 1332 finias.
586 1275 707 1332 Absens
723 1275 795 1332 nihil
813 1293 939 1348 possum
952 1277 1103 1348 judicare.

98 1383 259 1440 Diaconus
277 1368 364 1451 tuus,
387 1381 546 1440 Johannee
563 1381 711 1452 Albinus,
736 1383 825 1440 toties
850 1385 955 1441 adme
979 1383 1101 1456 scribit,
1201 1459 1203 1466 Ι
1261 1435 1269 1450 ,

31 1483 65 1532 ttt
89 1475 271 1549 stipendium
298 1474 413 1531 auctius
438 1475 611 1547 impetrem:
637 1473 747 1530 sed‘tu
771 1475 849 1545 scis,
876 1475 951 1531 mihi
979 1477 1020 1534 e‘x
1044 1476 1103 1532 hac

31 1577 117 1642 parte
135 1576 181 1623 tot
198 1581 267 1623 esse
284 1565 426 1638 epistolas
444 1563 619 1620 scribendas
629 1573 687 1632 ,·ut
703 1565 820 1636 multis,
836 1583 876 1622 ns
892 1567 1101 1640 impediantur,

32 1657 193 1715 continere
211 1673 320 1728 cogar,
336 1673 375 1712 rte
393 1653 570 1728 supplicent.
605 1653 685 1712 Nam
703 1656 727 1710 si
744 1658 839 1712 semel
856 1667 887 1713 et
904 1657 1011 1714 lterum
1031 1676 1103 1715 coe.

33 1749 134 1822 perint
151 1749 181 1803 iu
198 1747 263 1802 aula
280 1747 379 1801 literas
394 1755 519 1806 nostras
537 1743 684 1816 sincere‚
703 1757 803 1801 sctum
821 1757 868 1802 est
886 1749 914 1803 in
933 1760 1101 1820 posterum,

34 1854 104 1894 cum
131 1838 202 1896 alias
229 1837 301 1893 satis
328 1851 418 1906 saepe
443 1835 594 1906 repulsam
621 1851 724 1904 passus
747 1837 815 1892 sim.
849 1825 968 1893 Deinde
995 1839 1101 1895 nescio

32 1940 153 1986 vestrae
170 1923 353 1995 Thuringise
376 1933 486 1980 statum
511 1933 561 1978 aut
583 1926 661 1980 uode
687 1926 782 1996 possit
799 1925 908 1982 additio
927 1917 1011 2000 peti,
1038 1946 1100 1984 non

32 2020 188 2076 nominato
213 2027 313 2072 autem
337 2014 408 2070 loco
432 2013 546 2069 facilius
573 2014 709 2086 rejicient
732 2017 830 2088 petita.
865 2017 968 2093 Quare
994 2017 1042 2074 vel
1067 2031 1101 2074 tu

8 2125 10 2130 ·
33 2111 81 2166 vel
106 2109 245 2166 visitator
268 2123 326 2180 pro
353 2103 542 2172 cusoribus,
568 2105 616 2159 vel
640 2105 668 2171 in
687 2107 889 2163 conditionem
911 2097 1100 2181 pinguiorem

34 2217 141 2259 voces.
175 2197 319 2270 Harpyias
344 2193 433 2251 video
455 2193 486 2248 iu
509 2191 574 2260 aula
596 2193 802 2268 multiplicari,
826 2199 941 2272 optimo
958 2199 1100 2275 Principe

32 2309 94 2350 uon
112 2290 232 2356 omnia,
258 2303 333 2361 quae
351 2285 438 2357 Satan
455 2281 582 2354 cogitat,
600 2285 799 2356 intelligente,
824 2287 903 2345 sicut
920 2308 1011 2347 nemo
1029 2293 1100 2350 satis

31 2382 178 2452 iutelligit.
219 2378 302 2434 llaec
327 2375 430 2434 scribo
451 2373 628 2445 jamdudum
657 2377 785 2432 cadaver
810 2381 927 2450 samus,
959 2385 983 2438 si
1009 2381 1099 2440 Deus

32 2489 115 2530 meas
140 2483 248 2543 preces
272 2467 455 2524 exaudisset.
489 2467 561 2520 Sum
584 2465 658 2522 nuit
682 2477 712 2522 et
739 2467 849 2526 inutilis
876 2469 1015 2544 amplius.=
1045 2451 1098 2532 To

32 2566 113 2633 eale,
131 2573 162 2618 et
180 2560 267 2616 fortis
286 2569 352 2614 esto
370 2556 400 2611 in
417 2553 565 2611 Domino.
598 2555 642 2612 D.
658 2557 685 2612 8.
702 2555 794 2627 Maji,
813 2557 998 2618 MDXLlll.

707 2663 746 2721 T.
758 2663 916 2724 Martinus
934 2661 1063 2754 Lu'tlten

290 2817 819 2878 -----÷·l-—--

66 3013 106 3066 11.
125 2957 253 3076 utar]
657 3067 660 3080 ,
797 2999 855 3058 uo.
875 3002 1062 3063 nrucxur.

363 3153 411 3224 lin
435 3151 531 3226 lltlt
553 3147 763 3226 lilttttitl.

104 3317 131 3368 8.
142 3315 272 3365 astutulo
284 3311 325 3367 dd
338 3313 377 3366 litt
389 3312 441 3360 tint
454 3309 595 3361 wesarinio
617 3303 661 3359 iai
674 3303 703 3360 fit
717 3307 784 3360 itm
798 3307 909 3364 meliust
922 3311 1020 3362 tetam.

502 3439 634 3466 ——s-

17 3605 20 3614 Ι
73 3535 142 3596 'uus
154 3544 334 3600 {attitulat
347 3537 508 3600 unestrudttt
522 3539 670 3596 &tinniunt
683 3541 701 3588 t.
715 3542 761 3591 tut.
775 3537 816 3595 tin
831 3539 945 3602 &taust
957 3541 1039 3594 tots.

34 3679 176 3782 Gratiam
200 3737 230 3782 et
254 3740 361 3798 pacem
384 3725 413 3778 in
431 3722 564 3779 Christo.
597 3720 720 3776 Senatus
745 3722 936 3796 populusque
959 3725 1094 3796 spretto.

34 3817 161 3886 niensis,
195 3818 271 3890 apud
295 3831 373 3886 quoe
395 3813 569 3870 vesterlld.
594 3811 732 3867 Michael
757 3813 901 3870 Besseler
928 3819 1094 3874 ministerio
1146 3828 1150 3836 '

33 3907 117 3966 verbi
134 3907 265 3978 fungitur
276 3905 408 3960 maximo
421 3903 520 3958 fructu
539 3913 566 3956 et
578 3904 651 3956 mira
663 3901 754 3972 gratia
772 3903 884 3974 plebis,
903 3909 1092 3977 querulantes

34 4009 63 4053 et
78 4017 170 4074 paene
187 3995 401 4054 lacrimabuodi
418 4011 467 4050 tue
483 4010 539 4067 per
556 3993 654 4049 literas
672 4003 777 4062 orant,
795 3995 836 4048 uti
854 3991 936 4063 Vite,
962 4009 994 4054 ut
1010 4000 1046 4054 sd
1063 4011 1106 4054 te.
