2682 4508
514 293 625 366 rste.
750 277 787 356 ‘.
971 295 1089 407 *lat

25 450 157 510 tonante
179 455 313 512 omnium
329 456 514 526 sententiaa,
538 457 621 512 etde
638 465 699 514 tota
717 456 851 520 doctrina
872 469 1012 518 accurate
1029 458 1090 522 dias·
1123 447 1127 464 '

25 546 135 600 seruit.
168 543 214 606 Et
232 547 301 617 quia
327 559 410 603 recte
434 548 567 620 intelligit
589 549 756 606 doctrinam
781 549 938 606 Ecclesiae
959 548 1090 618 Christi,

26 646 57 692 ct
84 635 274 708 amplectitur
298 653 402 709 puram
425 637 578 708 Evangelii
607 643 799 708 sententiam,
834 657 923 712 quam
951 639 1093 697 Ecclesia

25 739 210 782 nostraene
226 727 331 800 spiritu
355 740 382 782 et
398 744 456 782 una
473 744 549 782 voce
567 745 636 784 curn
659 729 805 784 catholica
823 729 961 784 Ecclesia
979 728 1093 784 Christi

12 817 205 890 profitetur:
217 816 321 886 jussus
337 829 385 873 est
401 819 487 874 etiam
506 821 582 890 apud
599 835 648 874 me
665 821 839 881 concionari
854 820 923 889 bic,
949 833 978 875 et
996 820 1094 890 speci.

25 921 183 962 mansues
200 905 376 962 eruditionis
393 909 498 977 edidit,
517 920 547 964 et
559 911 630 964 satis
643 910 722 964 clare
740 921 864 984 testatus
882 921 943 978 est,
957 926 995 966 se
1012 911 1093 965 idem

27 997 159 1064 sentire,
176 997 259 1068 quod
277 1009 377 1051 nostra
390 997 527 1067 Ecclesia
545 999 710 1071 profitetur.
745 1000 821 1054 Cum
839 1001 927 1069 igitur
938 1000 1093 1055 illustriss.

6 1102 8 1107 ·
27 1083 180 1160 Princeps
198 1087 338 1159 sapientia
363 1101 392 1142 et
407 1090 517 1144 virtute
538 1073 707 1161 praestans,
732 1091 809 1145 Dux
827 1090 1091 1162 Megclburgensis
1184 1111 1187 1126 ·

28 1173 195 1244 Henrrcus,
213 1191 356 1232 vocasset
369 1177 450 1232 hunc
463 1178 624 1232 Heni-icum
638 1180 846 1258 Scbmedste‘dt
860 1179 888 1234 in
900 1167 1095 1235 Academiam

26 1263 263 1324 Rostochianam
280 1269 317 1322 ad
328 1269 492 1324 docendam
503 1268 703 1342 theologiam,
724 1280 754 1324 et
771 1270 943 1341 petivisset,
965 1280 995 1323 ut
1012 1269 1095 1324 testi.

27 1360 165 1414 monium
183 1371 321 1414 nostrum
334 1359 473 1426 afferret:
486 1360 591 1429 ,gavisi
609 1377 733 1429 stamus,
751 1359 902 1417 illustriss.
920 1359 1096 1432 Principem

28 1447 329 1504 Ducem‘Henricum
348 1465 471 1517 curare,
489 1458 521 1502 ut
533 1447 682 1504 Ecclesiis
701 1438 891 1517 cobsulatur,
911 1459 940 1504 et
956 1451 1095 1507 salutaris

28 1538 167 1610 ‘doctrina
181 1549 382 1600 conservetur
394 1555 429 1593 ac
441 1549 631 1610 propagetur.
666 1537 746 1594 Nam
758 1541 896 1611 prolecto
912 1531 987 1594 haec
998 1541 1097 1612 prima
1114 1543 1116 1557 '

30 1645 103 1683 cura
119 1629 256 1684 omnium
275 1629 508 1698 gubernatorum
526 1644 591 1683 esse
609 1629 714 1697 debet,
735 1621 901 1702 ut‘populis
918 1645 1019 1686 reram
1031 1631 1095 1687 Det

30 1721 164 1776 notitiam
182 1719 368 1792 impertiant,
386 1729 415 1778 et
433 1717 581 1774 illustrent
592 1717 719 1788 gloriam
738 1719 803 1786 Filii
821 1720 950 1776 suiJesu
965 1719 1098 1776 Christis

32 1810 109 1864 sicut
126 1820 231 1865 monet
247 1823 310 1864 vox
334 1807 459 1864 Psalmi:
486 1809 528 1864 In
545 1809 756 1884 concertendo
769 1810 908 1884 populos
926 1811 961 1864 in
978 1827 1096 1882 unum,
1175 1817 1183 1836 ‘

32 1912 61 1955 et
78 1901 204 1974 Reqes,
230 1905 266 1954 ut
281 1899 426 1955 serviant
442 1899 594 1954 Domino.
627 1899 669 1956 Et
686 1902 827 1974 quonlam
849 1889 952 1957 inores
970 1901 1096 1962 ilenrici

7 2013 8 2016 ¹
32 1987 243 2046 Scbmedstedt
262 2005 296 2042 ac
314 1989 511 2046 eruditionem
529 1985 711 2060 probamus,
735 2003 804 2044 cum
821 2001 865 2047 tot
882 2007 976 2047 annos
991 1991 1103 2060 nobis,

33 2097 102 2135 cum
119 2081 267 2148 vixisset,
284 2097 319 2134 ac
337 2067 457 2150 publice
474 2080 645 2147 docuisset,
665 2087 694 2134 et
706 2081 901 2152 polliceretur
918 2082 946 2136 in
960 2082 1096 2151 doctrina

33 2171 78 2244 pia
102 2171 193 2226 fidam
219 2180 248 2226 et
270 2168 480 2226 constantiamt
506 2169 633 2224 libenter
656 2170 683 2224 ei
709 2171 914 2226 testimonium
938 2153 1093 2243 dedimus,

33 2262 112 2334 qnod
138 2273 172 2316 ut
197 2270 280 2314 esset
305 2259 475 2332 publicum,
501 2275 586 2314 more
610 2261 717 2314 usitato
742 2261 936 2329 scholarum,
964 2263 1095 2334 judicio,

35 2350 180 2424 aali'ra'giis
207 2361 237 2406 et
253 2349 467 2426 approbatione
486 2348 610 2420 collegii
628 2349 720 2406 nostri
737 2361 806 2424 post
830 2353 978 2424 publicam
995 2352 1099 2426 dispti.

33 2445 174 2498 tationem
191 2441 331 2496 decretus
355 2452 402 2496 eat
419 2436 503 2510 Ma'g.
520 2439 653 2496 ilenrico
675 2441 883 2498 Schmedstedt
904 2445 1011 2514 gradus
1027 2440 1097 2501 Do.

36 2543 169 2590 ctotatus
186 2529 357 2601 theologici.
391 2533 438 2584 Ac
452 2526 563 2586 ‘Deum
584 2545 760 2602 precamur,
787 2544 819 2588 ut
845 2535 941 2614 studia
958 2527 1024 2605 ssus
1041 2553 1098 2607 gu-

35 2623 159 2693 bernet,
185 2623 492 2695 commendamusque
516 2625 603 2678 etiam
624 2623 776 2680 illustriss.
794 2623 1000 2696 Principibus,
1026 2628 1097 2684 Du.

36 2717 117 2772 cibus
137 2713 439 2784 Megelburgensibus
449 2751 458 2780 ‚
484 2713 566 2768 hunc
583 2714 751 2769 Ductorem
768 2713 938 2772 Hearic'um'
955 2737 990 2790 ac
1009 2736 1096 2788 roga.

29 2807 100 2876 ,iners
110 2817 172 2876 ,tut
190 2805 350 2860 hebreum
368 2813 515 2858 tueantur.
550 2803 630 2858 Utile
655 2804 735 2859 enim
761 2815 807 2860 est
821 2805 979 2864 Ecclesiae
998 2823 1027 2888 et
1038 2799 1097 2865 so.
1137 2795 1150 2862 s

6 2887 7 2890 ¹
37 2897 132 2951 cietnti
150 2895 302 2950 communi
311 2934 323 2961 ,
346 2893 503 2948 autoritate
521 2891 695 2965 Principum
711 2894 772 2964 tegi
796 2911 830 2949 ac
848 2893 978 2967 adjuvari
995 2897 1096 2956 bonos

36 2987 199 3044 Doctores.
233 2985 325 3058 idque
352 2981 480 3040 officium
497 2983 568 3038 Deo
585 2997 701 3053 gratum
724 2999 792 3040 esse
811 2986 920 3042 multae
945 2989 1096 3044 coelestes

37 3078 197 3133 sententiae
216 3087 244 3130 et
262 3073 399 3148 exempla
416 3083 571 3139 testantur.
606 3073 706 3148 Quam
725 3073 905 3134 luculentam
923 3081 1097 3148 mercedem

6 3199 9 3226 t
36 3167 122 3244 Deus
146 3167 294 3241 promittit
310 3181 385 3222 vero
402 3161 430 3229 ¹)
451 3161 585 3235 Principi
611 3161 833 3234 Abdemelecli,
860 3167 911 3239 qui
927 3167 1095 3226 deremimn

37 3259 69 3314 iu
89 3261 187 3316 lacum
213 3257 362 3329 abjectum
380 3254 504 3310 retraxit
526 3265 557 3308 et
580 3254 732 3309 servarit..
752 3253 914 3313 Hortamur
938 3268 975 3329 et¹
993 3258 1098 3330 ipsum
1185 3301 1188 3314 2

37 3335 205 3406 Doctorem
228 3347 416 3412 Henricum,
438 3353 471 3398 ut
494 3331 640 3398 annitatur
661 3345 854 3400 concordiam
866 3345 1095 3412 Rostochian'aa
1116 3364 1117 3370 ¹

38 3437 191 3497 Ecclesiae
202 3447 232 3494 et
244 3437 420 3493 Academiae
432 3449 502 3490 cum
512 3433 717 3503 nostratttreri.
729 3433 756 3498 2)
789 3435 927 3493 Maxime
937 3433 964 3507 ³)
981 3433 1093 3516 quippe

39 3532 194 3602 optandum
218 3539 284 3600 est,
314 3537 345 3582 ut
369 3524 567 3589 Academiae,
598 3521 708 3594 quibus
737 3523 897 3582 doetrinae¹
916 3527 1091 3598 gubernatio
1155 3579 1158 3586 .

40 3621 399 3686 commendataeat,1mo
418 3615 524 3688 spiritu
542 3623 571 3668 et
590 3614 647 3668 una'
662 3630 738 3670 voce
757 3629 826 3669 cum
844 3615 965 3687 Angelis
984 3630 1091 3676 canant

1139 629 1146 656 i

40 3753 563 3780 W

87 3843 107 3895 ll
124 3843 184 3894 ἰῶ.
201 3841 265 3888 viro.
314 3839 381 3900 Μ,
392 3839 418 3886 o.
438 3838 454 3892 †
470 3837 533 3896 ,Nato
546 3849 679 3886 consensus
693 3837 718 3884 iu
733 3850 793 3886 reta
806 3839 918 3890 doctrina
931 3846 958 3891 ei
968 3843 1022 3892 Deo
1034 3857 1090 3904 gras

6 3951 9 3961 ,
42 3909 141 3964 maium
161 3921 211 3975 eat,
234 3919 260 3962 et
282 3913 386 3964 marinna
404 3911 652 3974 minutissimae
670 3907 792 3963 societati.
851 3917 875 3972 3)
900 3915 925 3964 C.
940 3919 966 3966 G.
984 3921 1089 3986 pruine

42 3993 85 4039 aaa
97 3991 183 4050 quippe
195 3989 350 4058 mesariam.

47 4105 49 4114 ·
117 4066 259 4153 {tiva
759 4097 761 4102 ⁴
844 4071 882 4136 at
962 4083 965 4091 “
