2672 4518
226 257 300 346 7254
728 281 819 362 telus

238 437 424 512 praeditum,
442 441 477 499 ad
494 439 738 520 gubernationem
748 439 905 499 Ecclesiae
918 455 1013 508 sures
1024 445 1163 497 nostrsm
1177 451 1276 510 quoque

234 527 384 600 judicium
401 531 438 586 de
456 549 493 588 eo
511 531 569 588 sibi
586 531 743 603 significari
754 532 868 606 petivit.
891 529 1148 594 ‚Maximeautem
1164 517 1278 600 optamus

238 617 387 678 Ecclesiis
414 621 528 678 Christi
553 623 674 696 praefici
699 623 840 697 homines
856 623 940 696 pios,
970 634 1077 694 graves
1106 629 1137 675 ea
1159 617 1279 675 eruditos.

239 707 343 782 Quare
372 703 452 768 banc
478 713 672 768 vocationem
698 727 819 769 summo
843 711 942 770 studio
964 707 1237 784 comprobavimus,
1255 717 1280 762 et

234 793 389 869 Magistro
407 801 540 857 Henrico
557 801 729 861 hortatores
747 803 875 879 fuimus,
893 811 926 858 ut
944 799 1128 860 Rivaliensis
1144 797 1278 856 Ecclesiae

237 887 483 958 gubernationem
499 891 682 966 susciperet.
724 893 801 949 Cum
812 895 893 950 enim
909 893 946 948 in
956 879 1064 950 action
1073 889 1225 948 Ecclesiae
1238 905 1280 944 no.

238 987 319 1035 strae
342 982 467 1053 amplius
491 981 639 1039 decennio
656 981 785 1052 vixerit,
809 993 840 1040 et
863 983 982 1040 interim
997 995 1190 1054 magnacum
1213 979 1281 1035 laude

234 1055 353 1125 rexeril
367 1069 535 1143 Collegium
552 1071 734 1129 Saxonicum
746 1067 920 1140 Erfurdiae,
938 1071 1142 1145 comperimus
1159 1085 1224 1124 enm
1235 1066 1279 1124 bo.

236 1160 332 1218 neatis
355 1170 386 1217 et
403 1161 460 1233 piis
476 1161 612 1220 moribus
630 1163 796 1237 praedilum
818 1177 903 1232 esse,
925 1173 956 1219 et
972 1161 1138 1219 doctrinam
1162 1159 1282 1216 ecclesia.

207 1241 345 1324 'ancum
370 1251 528 1323 diligenter
552 1258 734 1327 percepisse.
768 1253 971 1328 Amplectitur
991 1261 1091 1310 autem
1119 1265 1282 1308 consenum

234 1340 410 1399 catholicae
422 1341 581 1400 Ecclesiae
598 1343 708 1402 chricti
717 1385 727 1416 ,
750 1361 843 1420 quem
864 1354 895 1401 et
910 1351 1012 1401 nostra
1029 1341 1170 1400 Ecclesia
1182 1341 1283 1414 profire.

234 1439 302 1502 tur,
329 1441 358 1490 et
381 1433 526 1492 abhorret
550 1435 586 1491 ab
615 1437 756 1492 omuibus
782 1435 916 1493 fanaticis
940 1434 1132 1509 opinionibus
1157 1432 1282 1488 damnatis

230 1520 349 1594 judicio
377 1522 542 1580 catholicae
569 1524 728 1584 Ecclesiae
755 1525 878 1584 Christi.
916 1523 1017 1592 Porro
1045 1523 1170 1580 scientia
1197 1536 1283 1576 earum

234 1612 361 1682 artium,
384 1611 464 1689 quas'
475 1613 664 1690 philosophia
685 1616 838 1686 continet,
864 1614 998 1672 nonnsstil
1021 1615 1117 1670 adfert
1142 1612 1283 1670 industriae

235 1701 267 1760 iu
275 1704 440 1772 mouendo.
474 1705 552 1761 Cum
578 1701 666 1777 igitur
691 1705 840 1778 Magister
864 1705 1013 1764 llenricus
1037 1705 1149 1761 bonam
1175 1718 1282 1776 operatu

234 1791 266 1848 in
284 1793 422 1851 omnibus
440 1793 651 1868 philosophiae
668 1795 802 1870 partibus
826 1796 959 1866 navarit,
982 1796 1146 1869 prudenter
1168 1804 1197 1850 et
1212 1803 1282 1850 recte

234 1883 379 1940 discernit
396 1885 562 1944 doctrinam
579 1885 816 1942 ecclesiasticam
835 1902 851 1941 a
868 1885 1079 1964 philosophia,
1102 1891 1135 1941 et
1156 1884 1184 1941 iu
1200 1884 1283 1956 expli.

233 1975 333 2030 cando
349 1975 563 2048 proprietatem
580 1985 609 2032 et
619 1977 829 2034 dexteritatem
839 1978 959 2048 diguam
972 1977 1039 2034 viro
1056 1976 1150 2033 docto
1167 1975 1280 2032 adhibet.

232 2060 380 2120 Promisit
396 2065 504 2133 etiam,
520 2080 554 2122 se
566 2081 672 2140 puram
688 2067 855 2123 doctrinam
865 2065 1037 2138 Evangelii,
1053 2065 1145 2138 quam
1157 2063 1280 2122 Ecclesia

232 2163 337 2210 nostra
360 2154 532 2226 profitetur,
558 2165 733 2216 constanter
755 2165 787 2214 et
808 2157 963 2227 diligenter
984 2158 1098 2230 populo
1122 2157 1280 2214 traditurum

232 2255 313 2300 esse.
347 2241 450 2322 Quare
473 2254 506 2302 ut
528 2255 646 2304 extaret
661 2245 818 2320 publicum
833 2247 929 2304 nostri
944 2247 1052 2319 judicii
1073 2247 1278 2313 testimonium,

229 2347 290 2390 nos
302 2329 333 2389 in
343 2333 482 2395 Ecclesia
494 2335 612 2410 publice
623 2337 901 2395 commendavimus
916 2338 944 2395 ei
955 2337 1155 2394 ministerium
1167 2335 1278 2394 docendi

231 2393 387 2493 Evirrgetii
405 2434 434 2480 et
450 2426 638 2484 Sacramenta
655 2445 671 2483 a
687 2425 811 2484 Christo
828 2427 958 2486 inatimta
975 2427 1191 2484 administrandi
1203 2430 1278 2499 juxta

231 2513 436 2572 vocatiouem.
466 2515 501 2572 Id
517 2515 722 2574 testamurbis
734 2515 862 2598 publicis
878 2517 989 2586 literis,
1006 2518 1277 2577 recommendamus

231 2619 302 2658 eum
312 2601 468 2662 Ecclesiae
479 2605 662 2676 Riualiensi,
680 2624 716 2662 ac
728 2607 857 2680 petimus
873 2615 907 2664 ut
923 2595 993 2664 eutb
1009 2617 1143 2665 amanter
1154 2608 1277 2680 excipiat.
1321 2659 1322 2666 ,

43 2705 46 2712 “
102 2734 109 2740 -
229 2684 334 2750 foveat
356 2704 387 2752 ot
409 2694 558 2755 detentet.
591 2695 764 2754 Maximum
787 2695 849 2756 Dei
873 2696 1054 2755 beneficium
1079 2699 1111 2754 in
1136 2699 1218 2756 terris
1239 2705 1278 2756 est

230 2782 384 2856 publicum
407 2785 562 2860 Evangelii
586 2789 803 2859 ministerium,
829 2789 920 2864 idque
944 2789 1008 2845 vult
1024 2789 1112 2846 Dens
1136 2791 1232 2846 lucere
1253 2789 1277 2843 io

231 2875 399 2934 ciuitatibus
420 2886 452 2934 et
468 2879 499 2936 in
514 2879 673 2938 homiuum
690 2879 844 2938 socictate.
878 2879 982 2958 Quare
1004 2881 1203 2952 nanceianum
1217 2881 1277 2936 Deo

230 2965 364 3026 officium
381 2967 495 3025 faciunt
511 2969 663 3038 civitates3
681 2986 759 3044 quae
775 2969 931 3028 Ecclesiae
949 2979 1030 3027 recte
1047 2971 1237 3040 constituunt,
1252 2979 1277 3025 et

231 3067 393 3126 accersunt
415 3075 451 3114 ac
468 3059 630 3116 defendunt
646 3061 713 3135 pios
740 3071 770 3118 et
792 3061 924 3117 eruditos
944 3063 1099 3142 doctores.
1131 3062 1277 3118 Hortamur

230 3145 320 3216 igitur
336 3147 488 3205 civitatem
497 3149 717 3217 Rivaliensem,
734 3159 767 3206 ut
778 3148 862 3206 buno
879 3152 1026 3222 optimum
1042 3162 1073 3208 et
1084 3152 1274 3208 doctissimum

230 3237 330 3294 virum
352 3236 534 3310 Magistmm
558 3239 724 3298 Hauricutn
750 3241 797 3314 pie
823 3243 1059 3314 complectatur,
1083 3252 1114 3298 et
1139 3243 1168 3298 in
1184 3243 1274 3312 guber.
1313 3271 1318 3276 -

229 3328 350 3384 natione
375 3337 454 3386 tanta
478 3331 597 3400 adjuvet
625 3346 669 3386 ac*
683 3324 855 3388 defendat.'
876 3327 974 3388 Detac
1000 3329 1206 3403 Witebergae,
1235 3329 1274 3384 die

229 3417 273 3478 tt.
289 3418 380 3494 Mati,
398 3419 537 3480 Moab.
1226 3487 1229 3492 ,

186 3539 191 3554 =
622 3509 732 3568 Pastor
746 3507 903 3570 Ecclesiae
920 3511 1161 3583 Witebergensis

362 3590 367 3652 s
488 3608 520 3658 ot
535 3601 645 3658 caeteri
663 3599 797 3657 Ministri
810 3599 967 3672 ‘Evangelii
984 3601 1015 3659 iit
1031 3603 1137 3659 eadem
1152 3599 1275 3659 Ecclesia

653 3690 807 3748 Martinus
824 3691 943 3750 Luther
958 3693 1001 3750 D.

653 3781 797 3837 Joauncs'
809 3781 1020 3853 Bugenbagius
1039 3777 1222 3842 Pomeranus
1239 3783 1274 3842 D.

652 3871 762 3928 Jurma
778 3869 876 3928 donas
892 3871 936 3928 D.

629 3977 632 3984 ·
652 3957 812 4037 Philippus
829 3959 1020 4022 Melanthum
