2638 4498
520 228 672 341 isat(
836 354 870 379 ,Ι
1033 262 1114 339 su·

28 429 170 490 hostium
190 447 316 492 suorum
339 430 462 490 coasilia
478 418 516 488 'et
540 429 637 488 studia
659 429 783 504 dissipet
806 437 837 488 et
859 428 1040 497 contundat,·
1061 434 1095 484 ut

29 520 86 578 Pe.
107 519 148 576 ll.
167 520 270 579 docet:
287 538 343 580 nos
361 532 597 592 nostraagamus
610 521 747 580 docendo
760 530 790 577 et
801 521 924 577 orando.
959 519 1095 575 sinamus

30 611 104 668 illos
121 613 218 668 furere
230 626 266 668 et
283 603 452 670 tumultuari
468 613 611 668 adversus
625 596 793 681 Dominum
810 621 840 665 et
851 609 1000 666 Messiam
1017 609 1095 679 ejus·

31 701 118 780 Quid
149 712 281 776 coquant
304 707 330 770 ¹)
358 703 388 758 in
413 701 554 761 Marchia
577 697 685 763 suctu
706 703 763 764 usi
785 695 891 769 {utitis
918 699 947 772 ⁴)
974 703 1095 772 ignoret

27 789 125 848 Deus
150 801 231 866 pinet
257 807 328 860 eoa,
354 794 461 852 Amen.
494 791 602 862 Judaei
627 792 732 863 perditi
757 791 787 846 in
811 808 846 848 ea
869 800 994 862 regnaut
1016 785 1096 862 aputl

26 877 248 938 Marchionem
271 890 397 953 propter
420 881 583 954 pecuniam.
620 881 818 954 Recipiuntur
833 881 922 936 etiam
937 878 965 946 ²)
982 877 1096 949 Pragae

29 983 48 1028 a
75 972 265 1029 Ferdiuaodo
290 972 393 1028 eadem
419 987 525 1028 causa.·
560 971 619 1028 Hic
643 973 759 1028 fructus
787 981 835 1028 est
858 971 1094 1038 Centaurorum,

29 1078 114 1139 qups
133 1063 225 1118 credo
244 1062 365 1118 ultimos
377 1061 535 1120 Ecclesiae
550 1062 656 1120 hostes
669 1065 735 1124 lore
748 1061 837 1119 simul
844 1047 1094 1130 {nocentissimos

28 1151 84 1226 qui
103 1153 166 1225 ipsa
184 1163 253 1207 sunt
270 1154 389 1208 avaritia
406 1154 556 1210 avariores
574 1164 605 1209 et
622 1151 874 1210 immutabiliores
886 1152 1003 1210 iuierno
1016 1149 1094 1222 ipso.
1150 1143 1152 1148 ’

27 1243 179 1300 Saturabit
196 1257 250 1298 eos
269 1241 412 1300 Christus
430 1242 605 1316 propediem
622 1254 765 1300 venturus
790 1242 820 1298 in
843 1241 937 1313 gloria
958 1255 1020 1299 nou
1043 1256 1096 1317 pe.

27 1334 137 1402 cunia,
155 1334 209 1389 sed
227 1335 343 1390 flemma
360 1343 391 1390 et
406 1334 550 1406 sulphure
567 1334 674 1390 inferni
691 1343 722 1390 ct
737 1333 869 1392 iraDei.

99 1441 216 1515 Accepi
234 1440 335 1515 pisces
353 1441 485 1498 variolos
502 1457 556 1496 seu
573 1449 667 1497 trutas
683 1445 857 1498 maceratae.
888 1437 978 1512 Ages'
989 1440 1097 1510 pretias

26 1528 165 1588 Johauni
179 1529 330 1586 Schulteis
342 1527 373 1598 ³)
391 1529 512 1586 nomine
529 1546 610 1588 meo.
646 1529 796 1606 Quantam
812 1531 904 1602 spirat
916 1530 1002 1585 Satan
1013 1545 1098 1588 acer.

27 1621 155 1692 bitatem
172 1621 201 1676 in
220 1622 278 1676 isto
295 1621 446 1690 camnine,
465 1620 546 1692 quod
562 1621 681 1678 misisti.
716 1620 772 1678 Sed
788 1620 860 1676 nihil
878 1620 1012 1694 perficiet
1024 1635 1098 1676 cco.
1193 1677 1196 1684 ,

28 1723 78 1768 tra
96 1711 281 1778 Dominum,
304 1711 360 1768 nisi
383 1711 464 1782 quod
482 1721 616 1792 ¹testatur
635 1727 669 1767 se
687 1711 815 1770 cruciari
832 1709 902 1766 odio
919 1725 989 1768 sess
1006 1709 1097 1780 digno

28 1801 177 1860 adversus
195 1801 286 1856 illium
304 1801 374 1856 Dei.
409 1801 482 1857 Vale
500 1802 529 1858 iu
545 1801 697 1871 Domino,
716 1801 768 1876 qui
785 1801 932 1872 gubernet
948 1809 979 1858 et
995 1809 1098 1858 servet

26 1903 62 1950 te
85 1908 154 1947 cum
178 1891 220 1949 D.
246 1891 375 1948 Daniele
391 1884 421 1958 i)
445 1890 489 1958 **)
509 1900 539 1949 et
560 1893 623 1948 aliia
648 1892 863 1954 comministris
885 1891 961 1965 Dei,
986 1894 1098 1962 Amen.

27 1981 143 2039 Salutat
161 1991 191 2037 te
203 1979 302 2038 Keths
318 1998 386 2038 mes
404 1991 433 2037 et
449 1997 556 2039 omnes
573 1992 663 2051 tuos,
680 1982 813 2058 dicitque
829 1971 890 2039 ooo
908 1983 1097 2055 tuueeopue
1170 2053 1173 2061 Ι

27 2072 224 2131 solicitudine
243 2082 291 2126 tua
309 2087 365 2142 pro
384 2073 479 2144 pomis
493 2065 691 2130 Borstlorliis.

97 2178 187 2236 Nova
210 2178 309 2246 nulla,
333 2178 389 2235 nisi
414 2178 493 2251 quod
517 2177 692 2254 Episcopus
713 2179 960 2253 Mersburgensis
985 2178 1095 2236 dicitur

26 2271 147 2326 electus
167 2269 286 2337 Lateri,
312 2269 428 2325 etiamsi
453 2270 564 2342 aliquot
588 2270 726 2342 suffragia
747 2271 847 2328 Julius
864 2272 1019 2328 Aratratua
1041 2271 1095 2327 ha.

26 2360 106 2418 buit.
118 2350 148 2427 ⁵)
182 2359 372 2416 coloniensis
384 2357 557 2432 Episcopus
574 2359 672 2415 adhuc
689 2371 862 2432 perseverat
877 2363 907 2416 lo
919 2358 1095 2431 Evangelio.

28 2449 188 2507 Oraodum
203 2463 259 2522 pro
275 2465 330 2517 eo,
347 2460 379 2502 ut
394 2447 596 2508 conlocetur.
629 2449 703 2506 Non
720 2449 858 2508 desinont
875 2451 1003 2508 insanire
1019 2465 1093 2506 cou-

26 2551 76 2598 tra
101 2556 168 2596 eum
187 2539 341 2600 Canonici.
375 2537 465 2596 Nosti
491 2553 532 2598 ex
554 2538 642 2599 nohis
667 2541 796 2612 exiisse,
821 2543 954 2614 quinon
976 2539 1028 2598 fuit
1050 2550 1092 2598 ex

24 2629 139 2699 nobis,
165 2629 214 2686 M.
236 2627 338 2684 Vitam
364 2626 611 2686 Amberbachum
634 2627 864 2702 lugolstadium3
879 2622 927 2687 'ut
949 2629 1093 2686 'succedat

23 2721 128 2780 Eccio
146 2713 408 2794 blasphematurus
434 2729 571 2776 nostrum
592 2719 739 2790 verbum,
764 2721 843 2777 forte
866 2720 975 2792 magia,
999 2711 1108 2794 quam'

24 2813 78 2869 tue
91 2805 119 2881 ⁶)
137 2813 215 2870 fecit.
249 2810 305 2872 ast
322 2810 401 2868 enim
418 2809 456 2880 ut
476 2810 742 2869 sentina-omnium
757 2811 976 2868 maledicorum
992 2811 1090 2870 homi.
1125 2794 1130 2802 '

23 2919 112 2960 num.
143 2900 296 2960 Dominus
312 2915 408 2970 prope
426 2911 487 2956 est:
504 2897 576 2956 nihil
596 2899 707 2958 soliciti
724 2897 834 2970 umus,
851 2902 962 2981 Ameo.
995 2902 1023 2962 9.
1034 2899 1089 2959 ue.

19 2993 152 3060 arcarii,
168 2987 348 3049 MDXLIV.

770 3055 819 3114 M.
837 3055 992 3114 Lutlaerus
1008 3053 1053 3114 D.

5 3258 18 3266 ,
90 3203 266 3262 Monstrum
290 3169 382 3276 hujus
403 3177 473 3260 ¹anui
499 3203 568 3260 novi
593 3219 683 3268 neno
707 3201 761 3261 tibi
778 3203 895 3272 (testes
921 3165 1086 3284 lidelissimi¹
1119 3238 1124 3246 -

23 3295 127 3364 sunt):
147 3295 270 3363 Gallus,
287 3294 387 3368 Papa,
405 3294 526 3363 Veneti,
544 3293 650 3350 Terea
667 3291 841 3368 conspirant
857 3303 961 3374 costra
977 3291 1086 3356 cuasa.

20 3405 109 3458 rem,
132 3399 162 3444 et
184 3395 341 3444 numerant
358 3403 413 3456 pro
431 3384 567 3440 exercitu
584 3383 709 3455 singulis
725 3381 879 3439 mensibus
896 3393 956 3436 tras
977 3392 1085 3442 tonnas

68 3623 93 3676 t)
112 3621 130 3668 c
152 3619 228 3670 seta.
248 3597 345 3678 coquit
387 3619 454 3673 ec.
468 3619 489 3666 s.
503 3619 520 3672 †
532 3597 627 3664 sisset.
676 3596 770 3670 ecs.
783 3615 900 3664 sculteto.
950 3615 1094 3669 tt'tnrtt·

20 3695 212 3827 wsnpplzte
226 3697 259 3744 et
284 3695 340 3745 vat
357 3693 461 3748 tolerate
479 3692 516 3742 tu
534 3701 561 3747 ut
575 3693 640 3745 orte
655 3689 715 3790 ittlt
726 3699 792 3748 stus
840 3693 862 3744 a)
882 3689 944 3740 ca
963 3688 1084 3742 laturis.

26 3893 258 3910 m

67 3977 96 4028 ⁴)
110 3973 222 4031 ttarlteia
234 3974 281 4022 utta
294 3974 420 4028 §itatem
474 3971 512 4024 ”t
525 3969 592 4022 maa.
605 3969 699 4025 Mes.
