2638 4498
515 313 606 386 asta.
764 350 771 402 ,
876 409 879 416 .
995 303 1091 384 'stt

95 469 186 547 Quae
203 465 289 530 tude
307 474 398 530 rebus
411 471 548 533 Caesaris
566 474 688 543 scribis,
706 475 810 532 eadem
828 485 857 530 et
872 489 947 543 nos,
964 490 1023 532 nec
1038 473 1094 534 slis

24 559 175 619 habemus
183 565 329 646 ,'·acjlicet
340 567 453 636 fugisse
466 565 588 624 Gallum
599 581 669 624 cum
681 567 776 640 copiis
790 566 853 622 suis
867 575 897 622 et
908 564 1094 626 detrectasse

25 669 169 725 pugnam
203 655 261 710 Sed
279 657 438 728 suspicor,
457 673 526 713 eum
544 657 587 712 uti
603 656 731 714 consilio
749 668 777 712 et
794 659 859 712 'astu
873 657 951 712 Fabii
963 655 1096 714 Maximi

25 755 58 799 at
75 743 264 815 Turcarum,
290 748 342 820 qui
365 746 536 803 cunctando
560 747 681 818 fatigant
701 745 842 814 hostem,
867 763 925 804 nec
947 759 1096 818 pugnanr5
1212 807 1215 810 ,

25 833 84 889 nisi
103 845 187 890 certa
203 837 329 892 victoria
345 837 382 892 sit
400 837 548 908 praevise,
565 837 615 895 ubi
632 838 796 894 necessitas
813 853 876 894 nou
890 825 981 909 cogit.
1015 835 1147 894 lete-1

25 925 87 981 rim
103 941 162 981 nos
181 925 378 982 exhaurimur
395 937 498 984 sumtu
516 935 545 982 et
560 927 756 988 taedio..

29 1051 36 1064 ·
95 1031 154 1088 Sed
166 1031 229 1088 hoc
243 1033 404 1106 pulchrum
417 1051 453 1091 an
465 1033 604 1104 audieris,
619 1035 736 1091 nescio.
765 1031 926 1101 Narratur,
937 1031 1098 1092 caesarem

25 1121 142 1177 dixisse
156 1124 191 1177 ad
203 1121 412 1180 dullacensern
424 1124 564 1187 Ducem
583 1125 650 1197 plus
663 1125 787 1179 insumsi
805 1125 834 1178 in
853 1135 921 1180 tuos
940 1124 1100 1194 imperatos

25 1229 79 1271 res
97 1214 260 1288 pecuniae,
280 1229 370 1286 quam
382 1215 412 1273 in
423 1226 522 1272 totum
530 1213 657 1272 bellum.
693 1216 776 1274 Idem
792 1217 899 1271 dicitur
917 1217 992 1270 Dux
1004 1217 1101 1270 Arae.

24 1305 94 1374 gine
113 1305 161 1360 ille
179 1321 196 1360 a
213 1303 334 1362 Nassau
352 1306 387 1361 ad
406 1323 475 1362 eum
492 1304 622 1363 dixisse:
640 1304 692 1375 eds
710 1304 795 1366 litbtt
811 1307 883 1378 bttt
900 1301 1019 1372 btrtnt
1040 1307 1101 1364 teti

26 1394 109 1454 naut
125 1395 172 1464 ibt
189 1396 242 1456 mit
258 1396 317 1456 trrn
334 1393 432 1466 scifat
450 1395 579 1471 tricaret
604 1403 634 1460 tt
651 1393 771 1472 crisim
789 1395 846 1465 ibat
864 1407 912 1456 rut
929 1389 1102 1468 sanctitate

26 1484 126 1553 ments
147 1486 220 1546 erne
243 1487 290 1546 ber
314 1499 397 1560 raupa
417 1485 513 1562 irrita.
548 1480 709 1557 Obsecro,
735 1489 807 1560 quid
831 1481 881 1542 fiet
895 1487 1022 1544 rentem
1046 1487 1103 1542 ista

13 1576 182 1644 ..horrenda
199 1575 321 1649 perfidia
338 1591 369 1632 et
390 1575 558 1648 proditione
577 1573 754 1649 Principum
775 1588 805 1632 et
824 1577 963 1647 Regum?
997 1578 1103 1646 Acro,

26 1681 93 1720 non
109 1667 189 1720 ferro
207 1666 285 1722 bella
302 1675 456 1738 geruntur.
490 1667 653 1738 Accipiunt
669 1683 685 1722 e
705 1671 766 1724 suis
779 1665 972 1746 Principibus
990 1666 1103 1738 stipen.

27 1755 133 1826 diurn,
152 1767 193 1812 ‚et
219 1756 256 1813 ab
281 1753 373 1812 hoste
402 1773 534 1814 munera.
578 1757 642 1812 liae
668 1758 776 1812 virtute
803 1756 969 1812 obtinuisse
995 1757 1105 1813 dicitur

27 1845 141 1904 Gallus
158 1845 395 1918 Lucelburgnm,
419 1864 490 1904 cum
508 1845 645 1906 Gallicus
662 1845 799 1906 dufxx
816 1847 908 1904 mulia
924 1849 1104 1906 ducatorum

26 1939 205 1994 caesariano
223 1937 293 1994 duci
312 1939 519 2010 pacisceretur
533 1939 755 2012 redderetque,
777 1950 814 1995 ut
832 1941 945 1996 victum
962 1955 994 1995 ae
1012 1939 1106 1996 simu·
1179 2008 1183 2025 Ι

25 2027 108 2084 latet
124 2039 156 2084 et
171 2027 279 2084 ubam
297 2030 437 2101 truderet
474 2029 552 2105 Quis
570 2045 632 2084 nou
649 2031 837 2102 suspicetur,
863 2031 967 2088 eadem
984 2031 1106 2096 tortum

22 2120 94 2191 jem
117 2108 206 2175 ts'rtio
229 2119 259 2174 in
287 2109 415 2190 Ungaris
439 2135 586 2192 pugnasse
604 2119 845 2176 Ferdinsndum?
876 2111 1104 2192 Denique‘An.

27 2211 137 2266 dream
154 2209 192 2264 de
212 2208 308 2266 Doris
326 2209 486 2266 collusisse
503 2209 655 2265 dicuntia
673 2211 745 2267 mari
763 2226 833 2267 cum
850 2209 1053 2279 Barbarossa,
1072 2221 1104 2270 et

26 2301 168 2358 dixisse·
184 2299 282 2354 Simus
299 2315 357 2356 nos
375 2298 488 2360 amici
480 2308 558 2355 mter
575 2315 651 2366 nos,
659 2308 701 2353 ut
719 2300 788 2372 quid
806 2312 911 2358 mutuo
929 2301 986 2355 nds
982 2300 1103 2393 'perde

26 2393 125 2446 mus?
152 2389 350 2446 nihilominus
375 2388 506 2444 manebit
531 2389 671 2448 dominus
698 2399 757 2446 tam
784 2403 872 2460 tuus¹
900 2379 991 2465 quani
1016 2407 1103 2449 meus

27 2481 215 2554 Imperator.
249 2479 278 2538 0
299 2480 423 2536 heroica
440 2487 471 2534 et
487 2479 555 2551 plus
573 2496 662 2552 quam
681 2479 806 2537 heroica
824 2483 917 2536 virtus
936 2481 971 2540 ad
988 2483 1104 2560 exhau.

26 2573 155 2629 rieudos
175 2571 275 2642 seges
300 2581 330 2628 st
346 2569 503 2642 Principes
527 2579 557 2625 et
582 2569 727 2642 populos!
768 2571 850 2650 Quid
876 2574 957 2630 enim
981 2575 1103 2641 taudem

28 2661 174 2720 retinebit
199 2663 307 2718 misera
330 2660 434 2733 plebs,
460 2660 531 2716 dunt
556 2663 625 2717 istas
650 2661 808 2731 voregines
834 2663 1013 2722 insatiabiles
1038 2665 1103 2725 auri

27 2755 160 2828 implere
178 2754 326 2824 cogetur?
360 2751 527 2808 Sentiemus
553 2750 647 2807 bresi'
664 2753 695 2809 ic
716 2763 824 2812 nostro
842 2755 995 2828 marsupio
1013 2755 1102 2816 istem

28 2833 209 2902 infernalem
228 2842 357 2916 rapiendi
375 2842 497 2898 rabiem.

100 2947 246 3008 scribitur
270 2949 406 3014 tandem,
429 2947 552 3004 Tuscos
575 2948 660 3004 valde
685 2949 826 3006 saeviisse
852 2951 883 3006 in
898 2945 977 3008 Alba
994 2951 1101 3024 regali,

27 3041 174 3100 dissectis
185 3043 211 3107 ¹)
230 3040 323 3096 tribus
339 3036 469 3096 millibus
480 3037 591 3092 civium
603 3047 633 3092 et
646 3055 753 3094 unum
765 3055 906 3112 quoque,
925 3043 1101 3098 assimiliter
1168 3096 1175 3111 ,

28 3129 318 3200 concionatoribus,
336 3129 375 3186 ita
387 3140 420 3186 ut
432 3125 537 3184 tumuli
548 3125 729 3186 cadaverum
742 3131 910 3202 superarint
920 3132 1101 3192 altitudinem

26 3239 203 3282 murorum.
236 3220 378 3279 Perstet
396 3219 558 3294 praesentit
575 3217 694 3274 Satanas
706 3220 783 3277 diem
797 3219 904 3290 judicii
923 3223 980 3277 sui.
1016 3223 1110 3298 Quid·
1172 3257 1191 3262 -·

27 3327 123 3390 petas
139 3315 168 3371 in
185 3327 243 3368 nos
261 3311 393 3380 cogitat?
416 3309 505 3374 furit,
522 3310 591 3381 quia
608 3309 702 3365 breve
720 3319 837 3382 tempus
855 3311 955 3369 babet.
990 3313 1101 3372 Domi.
1163 3303 1167 3311 ’

27 3424 92 3464 nus
111 3404 260 3462 custodiat
277 3417 351 3458 suos
369 3401 416 3454 vel
434 3409 518 3468 reget
533 3398 639 3470 spiritu
663 3399 816 3471 principali
840 3417 897 3458 una
918 3401 1099 3478 nobiscum,
1185 3464 1187 3469 ,

23 3509 66 3556 nt
93 3498 158 3553 sive
183 3488 370 3551 servabimus
389 3467 456 3548 sive
481 3489 690 3560 cunctabimur,
718 3489 835 3550 ionitae
850 3492 937 3552 illiue
961 3495 1101 3580 iurprem

27 3589 197 3647 rideamus.

98 3693 219 3752 Dicitur
243 3689 354 3746 Caessr
378 3687 501 3746 Ducem
525 3683 782 3745 Brunsriceusem
811 3690 971 3747 restituere
1000 3691 1096 3767 velie,

28 3783 271 3857 nescioquibus
288 3776 404 3868 mediis.
438 3775 571 3836 Oremus
584 3791 639 3852 pro
652 3775 844 3855 Principibus
856 3784 979 3842 neruis,
1013 3783 1097 3846 Nare

30 3926 570 3960 mmm-...-

84 4021 106 4076 tl
120 4017 237 4068 llbscrtit
251 4015 292 4070 ist
304 4015 397 4076 babes
409 4014 437 4070 ii
449 4013 512 4070 usli
524 4013 656 4083 irbitrltsil·
