2650 4510
485 271 610 370 'issu
715 287 723 306 ‘
783 339 789 359 .
1039 297 1099 368 199

39 425 244 538 olerent.
700 457 758 516 No.
776 453 1065 514 mncccnxxnr.

88 559 94 576 ι
152 619 199 686 lto
220 615 350 697 &roos
372 611 619 745 conubium
642 605 764 690 uetito
785 626 843 681 ooo
866 611 988 690 ituro,

142 775 164 824 e.
178 777 257 821 uorat
270 773 326 828 tona
340 773 381 826 tic
394 773 456 824 ntur
469 773 519 820 unt
533 761 701 828 antistitum
715 767 986 825 ammanuensium.
1048 823 1053 828 ¹

6 1089 8 1110 ,
54 1009 1110 1084 samnarcnaurnnesro.einero,matroon-nannemoao„
1177 1043 1185 1068 ,

317 1145 325 1156 ,
360 1089 462 1142 scotto
476 1090 516 1142 hro
529 1088 624 1138 motat
636 1087 701 1138 xllt.
715 1087 787 1136 ¹2⁹³.-

6 1207 7 1212 ¹
55 1222 201 1278 Generoso
218 1229 249 1278 et
266 1221 458 1278 Clarissimo
475 1221 563 1277 Dno.
580 1221 759 1278 Francisco
776 1218 814 1276 'de
831 1216 963 1286 Rheae,
986 1213 1102 1274 Comiti
1185 1265 1190 1274 .

6 1325 7 1396 J
91 1312 285 1370 Thur-corsi
293 1355 303 1384 ,
319 1313 462 1370 Domino
479 1329 537 1372 suo
554 1313 590 1368 in
608 1313 737 1370 Christo
758 1309 1051 1370 observantissinw.

52 1447 98 1539 G·
114 1504 143 1548 et
157 1493 194 1552 Ρ.
213 1493 244 1550 in
261 1491 304 1550 D.
338 1493 405 1552 Etsi
421 1495 521 1552 literas
534 1503 617 1564 tuas,
636 1495 690 1552 Vir
702 1493 888 1562 clarissime,
906 1492 983 1548 inter
994 1491 1103 1546 inultas

54 1586 255 1658 occupationes
271 1595 301 1640 tc
312 1585 471 1659 scripsisse
483 1586 632 1653 viderem,
650 1587 713 1656 ipse
727 1600 850 1656 quoque
863 1583 986 1638 miratus
1004 1591 1104 1637 tamen

53 1688 126 1743 sum,
145 1676 301 1748 quomodo
318 1685 396 1731 tants
415 1685 659 1748 argumentorum
677 1673 765 1746 copia
787 1673 839 1728 tibi
864 1689 904 1728 ex
922 1672 1036 1742 Cinglio
1060 1671 1104 1730 in.

53 1763 169 1822 haeserit
182 1767 212 1820 in
224 1766 258 1820 r'e
269 1765 513 1836 sacramentaria,
532 1775 561 1821 et
572 1764 657 1820 valde
669 1764 775 1833 doleo,
792 1774 821 1818 te
839 1762 903 1819 istis
924 1759 1106 1832 argumentis

5 1893 7 1898 -
52 1854 86 1910 ita
98 1857 225 1912 moveri:
249 1858 304 1912 sed
321 1873 391 1913 cum
408 1855 435 1924 1)
459 1857 516 1913 sim
541 1855 718 1928 occupatior
734 1855 826 1910 modo
833 1895 843 1924 ‚
869 1869 958 1926 quam
982 1863 1013 1906 ut
1031 1849 1105 1910 mihi

5 2005 6 2008 Ἴ
53 1947 186 2017 prolixius
212 1947 347 2003 scribere
372 1947 478 2030 licesp,
511 1948 628 2006 interim
653 1963 709 2020 per
735 1946 891 2004 Christum
919 1955 949 2000 ct
976 1944 1105 2000 salutem

54 2046 123 2090 tuam
138 2047 167 2093 te
183 2054 261 2106 oro,
279 2055 317 2094 ne
334 2055 461 2097 corruas
478 2037 507 2094 in
518 2037 601 2095 hunc
618 2053 769 2107 errorem,
788 2035 871 2109 quod
883 2036 982 2091 solum
995 2050 1103 2106 penem

53 2137 80 2180 et
92 2126 186 2184 vinum
204 2128 234 2183 in
252 2126 461 2196 sacramento,
485 2137 515 2184 et
531 2145 599 2184 noo.
611 2143 725 2202 corpus
743 2136 771 2182 et
787 2125 962 2196 sanguinem
978 2125 1008 2194 2)
1033 2139 1104 2180 esee

54 2207 155 2274 credas.
186 2217 270 2278 Nam
294 2230 469 2290 ergmneuta
494 2232 544 2275 tus
569 2229 638 2276 sunt
654 2218 777 2288 Cinglii‚
802 2228 906 2274 contra
930 2232 1021 2288 quem
1043 2229 1102 2272 nos
1193 2263 1199 2272 .

53 2307 132 2364 multa
147 2309 342 2382 scripsimus,
368 2311 422 2366 sed
439 2311 598 2366 vernacula
615 2308 730 2384 linguis,
754 2320 784 2364 et
799 2310 913 2364 multos
932 2307 992 2380 Dei
1011 2307 1103 2377 gratia
1189 2371 1191 2376 ,

53 2401 256 2456 convertimus.
293 2400 376 2477 Quid
389 2401 472 2478 enim
489 2400 610 2456 absurdi
629 2412 676 2455 est
693 2402 838 2468 credere,
858 2415 970 2472 corpus
988 2397 1101 2454 Christi

53 2491 126 2544 simul
146 2491 175 2545 in
192 2491 282 2546 coelo
307 2501 336 2546 et
358 2491 386 2560 in
405 2491 596 2546 sacramento
618 2489 711 2548 esse?
743 2495 793 2546 An
813 2490 1010 2562 omnipotenti
1028 2489 1100 2546 Dec
1181 2541 1185 2546 .

4 2591 5 2598 ’
52 2581 150 2636 lifficile
167 2591 233 2651 est,
249 2581 334 2654 quod
345 2581 434 2638 nohis
446 2580 626 2640 'incredibile
636 2581 777 2639 uidetur?
810 2579 886 2637 Joh.
902 2579 960 2636 lll.
975 2580 1100 2637 dicitur:

4 2681 5 2712 1
52 2669 139 2726 Nemo
157 2672 303 2726 ascendit
318 2672 354 2725 in
371 2671 493 2729 coelum
509 2678 569 2726 eto.
600 2671 629 2726 Si
647 2683 718 2726 tuno
733 2671 792 2736 fuit
808 2673 837 2726 in
851 2671 958 2737 coelo,
981 2686 1051 2725 cum
1070 2670 1101 2726 in
1282 2730 1286 2750 ‚

4 2759 5 2824 Ϊ
51 2763 120 2816 terris
137 2763 320 2826 ambularet.
346 2759 502 2836 quomodo
519 2747 589 2816 non
606 2761 696 2842 simul
721 2762 778 2816 erit
803 2759 832 2817 iri
851 2761 988 2818 diversis
1000 2760 1100 2817 locis?
1188 2746 1196 2758 ’

51 2839 97 2906 Cui
117 2855 167 2909 ista
193 2863 266 2909 sunt
291 2845 494 2938 incredibilia,
520 2852 676 2924 quomodo
702 2852 728 2908 is
752 2851 872 2919 credet,
900 2851 1004 2907 Deum
1030 2865 1101 2906 esse

51 2939 213 3002 hominem?
238 2942 394 3016 quomodo
411 2945 450 3000 sit
475 2943 504 2998 in
529 2951 617 2998 utero
642 2943 762 3011 virginis
789 2943 876 2998 sintul
902 2958 992 2998 verus
1011 2941 1100 2998 Dens

4 3043 6 3092 i
53 3034 250 3091 essentialiter?
274 3034 429 3107 quomodo
452 3049 511 3089 una
528 3049 657 3114 persona
682 3028 922 3114 simplicissimae
941 3017 1098 3088 divinitatis

52 3119 219 3193 incarnetur,
247 3125 381 3180 exclusis
400 3125 546 3198 reliquis?
580 3120 814 3196 Mysteriafidei
835 3124 1019 3178 verbosum
1041 3133 1100 3178 tra.

53 3212 98 3268 lita
113 3226 140 3270 et
154 3227 292 3287 accepts,
311 3232 371 3270 non
389 3201 503 3269 ratione
515 3205 737 3286 comprehensa
754 3223 804 3270 aut
816 3213 960 3286 judicata.
995 3209 1099 3284 Valde,

49 3303 100 3360 imo
114 3317 207 3361 toturn
226 3307 302 3360 ratio
320 3315 384 3374 est,
411 3321 487 3377 quae
505 3306 613 3373 dictat,
638 3304 718 3363 idem
734 3313 845 3395 corpus
872 3323 933 3360 non
952 3317 1043 3377 posse
1068 3305 1099 3361 in

4 3389 5 3416 ⁴
55 3396 159 3454 liversis
180 3399 257 3454 locis
273 3411 361 3456 esse.
394 3396 452 3452 Sed
476 3397 552 3450 ratio
577 3407 623 3452 est
641 3411 753 3466 coeca,
778 3407 808 3452 et
825 3377 907 3469 quoi
925 3398 952 3452 ei
969 3407 1020 3454 est
1043 3398 1099 3454 im.
1145 3456 1150 3468 ‚

55 3487 196 3556 possibile,
215 3485 288 3542 Deo
305 3495 353 3540 est
371 3485 556 3545 facillimum.
589 3470 670 3542 Mihi
688 3503 749 3540 non
769 3496 817 3541 est
840 3485 919 3566 idem
936 3502 1049 3560 corpus
1067 3487 1099 3545 in

55 3578 127 3632 coelo
149 3587 177 3634 et
201 3579 232 3634 in
248 3587 346 3632 terra:
372 3576 426 3632 sed
444 3567 513 3648 qnid
531 3593 588 3648 ego
607 3575 698 3632 sum?
730 3575 814 3634 Mihi
837 3593 899 3636 non
922 3591 969 3633 cst
986 3593 1100 3652 corpus

54 3681 174 3736 magnum
199 3670 228 3723 in
253 3683 343 3741 parva
367 3665 510 3746 particula
533 3665 638 3738 panis:
666 3666 719 3722 sed
741 3667 809 3738 quis
835 3670 913 3738 ego?
947 3667 1019 3732 Deo
1036 3685 1098 3726 non

58 3768 94 3811 est
106 3758 281 3832 impossibile
299 3762 388 3838 omne
405 3756 542 3814 verbum.
559 3769 561 3776 ’
578 3754 652 3813 Non
670 3755 721 3829 qui
738 3757 1020 3830 comprehenderit,
1043 3751 1097 3817 sed

4 3965 6 3974 Ι
98 4009 174 4058 llslr.
188 4009 268 4069 †lpse
282 4018 383 4074 quoquc.
444 4009 467 4061 2)
479 4007 534 4054 Str.
549 4007 565 4060 †
579 4006 676 4056 Christi.
