2650 4512
515 293 606 368 teta.
678 327 682 336 .
988 349 992 360 ,
1033 291 1094 386 sta

24 469 153 520 tractas
185 458 242 517 Vel
265 475 328 518 uon
353 465 400 516 est
423 459 541 532 sapiens
562 413 641 514 inter
656 471 713 534 nus
730 460 782 514 aut
797 470 874 532 vost,
897 453 935 514 ad
951 470 1028 530 quos
1048 469 1095 514 re.

24 553 155 610 ferres
146 569 222 608 iram
237 562 336 620 tuam,
354 561 513 624 antequam
530 550 575 606 sic
593 525 759 608 insanires?
834 594 854 609 ..

97 641 156 699 Sed
174 642 209 696 ad
226 657 303 696 rem.
334 640 408 696 Non
432 656 489 699 nos
512 656 529 694 a
549 651 596 708 te,
623 638 677 695 sed
697 649 731 693 tu
754 617 879 694 anobis
902 637 983 696 baud
1008 636 1095 696 dubie

25 731 144 802 habes,
170 733 253 805 quod
269 739 452 787 sacramenta
470 731 530 785 sint
547 731 701 798 actiones,
725 745 787 785 non
806 739 920 786 stantes
938 729 1096 786 lectiones.

27 823 89 880 Sed
105 839 182 897 qnae
200 831 247 878 est
264 821 318 877 ista
336 819 493 890 singularis
512 831 562 874 tua
578 820 745 890 temeritas,
771 830 805 875 ut
819 829 887 880 ,tam
903 821 980 875 mala
996 821 1098 893 specis

26 930 94 970 non
120 912 290 980 abstineas,
326 928 416 984 quam
441 911 520 968 scire
550 922 579 966 te
610 910 742 984 oportuit
771 925 838 966 ease
870 910 1097 982 scandentem,

25 1016 138 1079 nempe
156 1005 239 1077 quod
256 1002 403 1076 reliquum
421 1003 482 1058 vini
498 1003 548 1058 vel
559 1001 646 1074 panis
656 1001 767 1056 misces
777 1001 871 1073 priori
883 1001 951 1075 pani
963 1011 994 1058 et
1004 1003 1098 1076 sinui
1129 989 1131 992 ⁵

28 1098 105 1174 Quo
123 1095 265 1167 exemplo
284 1093 313 1148 id
331 1093 428 1150 facis?
461 1092 534 1148 Non
556 1092 642 1149 vides
666 1101 766 1160 certe,
793 1107 884 1164 quam
909 1093 1096 1165 periculosas

27 1188 225 1262 quaestiones
251 1181 406 1252 movebis,
433 1183 459 1238 si
476 1192 528 1238 tuo
546 1197 639 1238 sensu
657 1181 810 1238 abundans
827 1181 1012 1252 contendes,
1030 1199 1099 1240 ces.

29 1289 119 1336 sante
137 1278 254 1332 actione
272 1290 391 1330 cessare
417 1283 645 1346 sacramentum.
679 1271 891 1342 zuinglianum
911 1284 939 1328 te
956 1273 1036 1331 iorte
1053 1274 1098 1332 iis

29 1371 144 1437 audiri,
169 1379 199 1425 et
223 1383 278 1436 ego
303 1375 332 1420 te
350 1364 512 1434 Zuinglii
504 1363 617 1421 insania
640 1363 777 1419 laborare
800 1363 938 1434 credam,
963 1365 1099 1461 unitam

28 1459 182 1534 superbe
178 1469 208 1514 et
222 1456 398 1514 contemtim
410 1456 527 1524 irritas
545 1471 616 1512 cum
634 1454 749 1515 tuallla
766 1453 909 1526 singulari
926 1455 1099 1528 etgloriosa
1203 1479 1208 1486 ,

31 1550 187 1625 sapientie.
221 1549 295 1604 Non
314 1557 377 1603 erat
393 1541 447 1603 alia
464 1547 527 1614 via,
548 1554 581 1602 ut
597 1545 778 1616 simplicibus
796 1557 826 1602 et
843 1546 1020 1614 adversariis
1037 1566 1099 1605 non

30 1646 154 1701 daretur
175 1639 329 1713 suspicio,
355 1649 384 1693 te
403 1655 472 1696 esse
489 1647 712 1694 contemtorem
731 1638 926 1704 sacramenti,
953 1655 1042 1712 quam
1066 1649 1100 1696 ut

23 1716 111 1792 ¹mala
128 1733 230 1806 specie
250 1729 437 1799 offenderes,
454 1717 603 1801 relidunm
621 1729 797 1786 sacramenti
814 1729 970 1785 miscendo
985 1741 1015 1786 et
1027 1748 1101 1786 con.

32 1821 186 1878 fundendo
204 1837 274 1876 cum
292 1820 362 1876 vino
379 1820 505 1891 priori?¹
527 1820 589 1875 Cur
611 1836 672 1874 non
697 1819 818 1874 imitaris
835 1821 906 1876 alias
923 1819 1102 1878 Ecclesiae?
1126 1835 1131 1850 ⁸

33 1911 99 1967 Cur
123 1915 207 1970 solus
233 1913 278 1966 vis
303 1921 402 1967 novus
429 1919 457 1968 et
482 1911 670 1982 periculosus
696 1921 781 1966 autor
804 1909 929 1967 baberi?
961 1909 1043 1968 Haec
1062 1916 1101 1969 ita

35 2003 177 2060 dolenter
192 2002 309 2068 scribo,
333 2011 365 2056 ut
388 2001 466 2058 scias
491 2011 521 2056 te
546 2017 595 2057 me
618 2000 780 2056 offendisse
798 2011 829 2056 et
845 2001 981 2072 spiritum
999 1999 1102 2062 meum

34 2094 242 2152 contristasse.
277 2093 329 2150 Tu
346 2093 412 2164 ipse
430 2091 523 2160 dieis,
548 2107 641 2162 nugas
664 2106 750 2160 esse,
776 2101 805 2147 et
825 2109 882 2164 pro
900 2094 984 2164 nugis
1002 2095 1041 2151 ita
1058 2097 1102 2151 in.

34 2187 139 2244 sanis?
175 2187 220 2242 lta
236 2193 306 2240 sunt
322 2199 416 2254 nugae
433 2183 557 2239 nimium
574 2184 681 2238 seriae.
715 2181 772 2238 Sed
784 2192 816 2237 tu
828 2184 903 2238 lorte
916 2183 989 2240 nibil
1001 2191 1101 2256 curas,

36 2276 105 2350 quis
117 2277 304 2348 offendatur,
315 2277 386 2334 dum
405 2287 436 2332 tu
454 2261 561 2331 evadas
577 2275 677 2330 victor
690 2288 850 2344 nugarum:
867 2273 922 2332 sed
934 2273 1100 2350 Dominus,

10 2431 13 2436 v
37 2369 89 2424 cui
106 2379 138 2425 tu
154 2368 290 2438 resistis,
308 2367 430 2424 resistet
445 2365 579 2424 vicissim
597 2365 659 2421 tibi.

105 2459 208 2536 Quare
226 2468 256 2518 te
271 2459 400 2526 hortor,
425 2458 474 2530 qui
493 2457 574 2526 scis,
599 2469 649 2512 aut
665 2456 746 2512 scire
764 2454 875 2526 delaes,
899 2459 1056 2531 quomodo
1071 2463 1104 2519 iu

35 2550 178 2609 Ecclesia
197 2551 236 2608 eit
253 2549 479 2618 ambulandum,
502 2559 535 2602 ut
551 2563 621 2603 cum
639 2547 682 2606 D.
698 2547 854 2605 Friderico
871 2549 1021 2608 redeas-in
1037 2569 1103 2622 gra.

35 2646 130 2712 tiam,
156 2653 185 2700 et
201 2659 263 2698 uno
280 2642 371 2698 eorde
389 2641 468 2696 idem
487 2640 625 2714 sapiatis,
647 2655 709 2694 uno
726 2655 780 2694 ore
797 2640 901 2698 dicatis
919 2641 1008 2698 idem.
1041 2642 1104 2700 Po.

35 2735 112 2792 teria
130 2733 209 2790 enim
226 2732 283 2800 ita,
309 2742 341 2788 ut
357 2747 415 2788 nos
432 2730 483 2786 hic
500 2731 644 2801 iacimus,
671 2730 819 2802 reliquum
837 2725 1015 2788 sacramenti
1026 2743 1109 2790 cum·

34 2823 333 2898 communicantibus
360 2821 481 2878 ebibere
507 2833 538 2877 et
563 2822 724 2878 comedere
732 2861 742 2889 ,
763 2833 801 2897 ‘ut
824 2839 886 2878 non
902 2824 940 2878 ait
956 2839 1102 2893 necesse,

35 2917 229 2989 quaestiones
255 2915 327 2978 istas
352 2914 540 2970 scandalosas
565 2925 596 2968 et
617 2913 803 2989 periculosas
819 2917 937 2970 moveri
953 2913 989 2968 de
1002 2929 1106 2970 cessa.

35 3011 121 3084 tione
144 3005 272 3062 actionis
288 3003 536 3070 sacramentalis,
561 3004 591 3058 in
618 3003 727 3076 quibus
751 3013 784 3058 tu
810 3001 1022 3075 suffocaberis,
1047 3005 1112 3083 nisit¹

33 3097 210 3170 resipiscas.
242 3095 323 3152 Nam
348 3094 409 3152 hoc
436 3104 611 3174 argumento
638 3094 726 3150 tolles
749 3103 846 3151 totum
864 3094 1110 3176 sacramentum,

34 3204 98 3245 nec
110 3186 224 3256 habes,
242 3185 324 3260 quod
337 3185 520 3259 respondeas
532 3183 817 3252 calumniatoribus,
832 3183 883 3256 qui
896 3184 1014 3253 dicent,
1029 3185 1106 3244 intee

37 3279 189 3351 agendum
207 3278 274 3348 plus
292 3287 390 3334 cesset
403 3285 642 3343 sacramentum,
660 3290 749 3347 quam
762 3286 933 3330 exercetur.
967 3275 1107 3334 Tandem

37 3369 235 3426 deveniemus
259 3367 295 3424 ad
318 3367 429 3448 cratyli
452 3377 609 3440 portenta,
629 3376 663 3424 ut
687 3381 830 3437 cogamur
853 3365 979 3432 actione,
993 3375 1108 3426 tantum

37 3459 154 3516 hebere
171 3449 410 3528 sacramentum,
432 3475 493 3514 non
517 3457 737 3514 intermissione
758 3457 974 3527 accidentium,
997 3469 1028 3514 et
1043 3451 1114 3514 tan.'

39 3555 111 3609 dem
130 3550 187 3604 erit
202 3560 321 3620 tempus
339 3559 368 3604 et
383 3563 571 3610 momentum
588 3549 766 3604 sacramenti
784 3563 890 3624 causa,
907 3559 938 3603 et
949 3547 1004 3604 alia
1015 3550 1109 3606 multa

39 3637 171 3698 absurda
189 3649 362 3712 sequentur.
397 3640 499 3716 Quare
517 3649 583 3695 estc
601 3638 769 3694 conformis
788 3638 852 3694 aliis
870 3636 1038 3712 Ecclesiis,
1049 3657 1108 3708 nec

40 3728 100 3788 illis
118 3727 231 3786 bellum
249 3729 371 3794 inferto,
391 3749 429 3785 ne
447 3731 630 3787 succumbas
649 3745 718 3784 cum
736 3728 904 3799 ignominia.
937 3727 1005 3800 Ego
1023 3741 1109 3788 certe

40 3839 99 3894 pro
117 3820 193 3876 meis
210 3819 323 3875 viribus
342 3829 407 3876 tuae
425 3821 615 3890 singularitati
632 3830 663 3875 et
680 3817 839 3878 temeritati
862 3819 1053 3884 scandalosae
1076 3832 1109 3878 et

42 3911 208 3970 alsensivse
226 3909 422 3977 adversabor,
441 3929 498 3968 uec
516 3912 651 3968 ultimam
661 3909 769 3966 horam
781 3925 878 3968 meam
890 3911 949 3966 tuis
961 3911 1121 3970 scandalis.

42 4003 160 4068 onerari
178 4003 286 4058 sinam.
319 3999 391 4058 Vale
408 4001 439 4058 iu
455 4001 610 4070 Domino,
628 4003 657 4058 in
668 4000 805 4080 Domino
823 3999 962 4078 inquam,
979 4004 1107 4076 stimant
