2718 4508
532 221 646 314 isla.
711 313 712 318 Ν
1066 239 1128 308 sot

62 393 292 466 ingratitudine,
311 401 483 465 omtemtu,
499 395 570 453 odio
589 395 802 467 remigi-atine
816 394 969 468 horribili,
986 405 1023 454 ut
1034 396 1130 476 pigeat

62 486 169 542 vivere
187 496 216 541 et
233 484 515 560 riderequioquam
533 488 562 542 in
579 487 635 542 ista
652 486 793 544 horribili
808 488 949 545 Sodoma.

135 590 233 663 Cupio
251 592 371 666 saepius
395 593 430 648 ad
447 604 478 648 te
496 594 647 664 seribere,
672 593 724 648 sed
743 593 901 650 tabellione
919 611 1028 662 oeteo,
1053 602 1083 650 et
1100 603 1134 657 tu

65 682 163 744 rarius
182 683 302 741 scribis.
336 682 428 760 Quod
446 699 585 740 rumores
603 685 640 740 de
660 684 754 742 lleina
771 697 950 758 sparguntur
972 695 1000 738 et
1016 683 1134 753 minae,
1199 699 1203 710 ·

65 773 152 832 iaoile
179 775 283 831 eredo.
317 774 365 830 Sio
390 784 459 831 sunt
481 776 523 832 tui
550 775 724 856 Misueuses
750 776 817 831 rani
842 776 928 845 laeti,
956 777 1134 846 praesertim

61 864 124 921 iste
135 866 215 921 larva
228 865 475 936 Mersburgensi,
493 865 545 922 ubi
558 865 671 938 lingunt
683 883 752 923 suas
765 862 956 922 fortitudines
971 878 1000 922 et
1012 879 1133 922 nostros

67 971 208 1030 pavores.
242 952 299 1013 Sed
312 971 368 1012 nos
387 958 618 1014 contemnimus.
652 955 806 1018 ln'bellioo
824 957 867 1025 (i)
886 971 984 1014 tarnen
998 956 1140 1030 euspicio·

67 1057 135 1118 est,
153 1065 191 1104 ne
205 1057 234 1103 et
246 1048 308 1104 'isto
320 1049 443 1104 tumultu
461 1048 629 1104 incendium
643 1049 765 1107 oriatur.
798 1048 887 1104 Deus
905 1065 964 1104 nos
974 1048 1135 1106 custodiat.

67 1139 180 1196 Contra
206 1139 341 1195 Turoam
371 1121 455 1195 antea
479 1140 605 1209 cogitavi
631 1135 702 1194 nihii
728 1154 784 1196 nos
813 1141 974 1196 effecturos
990 1139 1019 1204 ¹)
1047 1153 1133 1210 esse,

68 1246 160 1302 quam
177 1230 334 1302 pecuniam
347 1231 516 1302 perdituros
535 1242 565 1285 et
582 1229 742 1285 ludibrium
758 1229 915 1286 relaturos.
951 1229 1033 1306 Quid
1045 1230 1135 1287 Deus
1184 1285 1187 1294 .

68 1321 183 1378 faceret
201 1339 253 1394 per
270 1319 409 1376 homines
426 1321 522 1376 tales?
540 1320 698 1376 Orantlum
711 1327 758 1376 est
774 1328 871 1376 tamen
888 1329 1135 1394 perseveranter,

72 1422 107 1467 ut
129 1411 217 1468 Deus
241 1428 298 1484 per
321 1423 355 1465 se
381 1412 481 1483 ipsum
505 1427 561 1468 seu
584 1412 705 1479 angelos
725 1409 955 1484 bestiamiilam
979 1409 1136 1482 conficiat,

6 1502 8 1508 ’
71 1504 153 1560 siout
177 1503 249 1559 iecit
273 1517 344 1558 oum
361 1509 467 1576 papatu
491 1513 520 1556 et
545 1501 610 1572 ejus
626 1499 784 1558 metuenda
800 1499 954 1575 hypocrisi
977 1511 1007 1558 et
1022 1492 1139 1559 ¹abomi-

72 1595 204 1653 r'tutiune.
254 1667 256 1670 Ι
329 1604 332 1612 ’

140 1701 274 1772 Nescio,
300 1717 337 1756 an
359 1701 395 1756 ad
420 1711 450 1756 te
477 1698 645 1772 pervenerit
669 1712 758 1771 supra
783 1698 909 1772 epistola
926 1717 1009 1780 moa,
1035 1700 1064 1756 in
1082 1717 1140 1774 «pua
1211 1728 1214 1734 ι

74 1793 208 1864 tentavi,
225 1811 259 1848 an
279 1791 356 1865 apud
373 1801 401 1847 te
419 1801 502 1850 esset
519 1792 607 1846 locus
623 1791 729 1863 leotori
748 1790 927 1862 theologiae.
964 1790 1007 1848 lta
1025 1809 1073 1848 me
1091 1809 1141 1848 ro.

75 1892 195 1955 gaverat
207 1883 248 1938 D.
262 1882 462 1957 Hieronymus
475 1880 608 1948 wellet,
627 1895 817 1955 conquerens
835 1891 865 1936 et
883 1883 946 1953 ipse
964 1882 1000 1936 de
1017 1896 1142 1940 suomm

74 1971 338 2042 Freiburgensium
355 1970 465 2040 itigore
485 1969 674 2040 frigidissimo
692 1969 840 2042 planeque
857 1970 970 2040 glaciali
986 1979 1141 2028 contemtu

74 2065 173 2123 verbi.
197 2064 264 2120 ‘Sed
283 2062 401 2118 iuterim
417 2061 497 2117 venit
514 2062 542 2117 in
554 2068 702 2129 mentem,
720 2077 792 2118 oum
808 2063 1021 2118 euntnondum
1039 2063 1142 2119 omniu

75 2156 156 2230 apud
173 2163 202 2210 te
219 2154 352 2210 ordinata
362 2193 372 2221 ‚
390 2154 499 2210 trustra
515 2150 579 2206 hoo
595 2147 710 2206 tentari.
744 2149 795 2206 'Pu
816 2150 844 2206 in
863 2149 999 2208 Domino
1018 2153 1143 2208 oonfor.

75 2256 139 2304 tare
157 2255 187 2302 et
204 2253 270 2301 esto
283 2241 445 2310 robustus,
463 2249 514 2310 ut,
531 2257 622 2313 quem
635 2239 773 2296 Christus
785 2241 880 2297 voluit
897 2241 926 2296 in
940 2243 1010 2298 looo
1022 2244 1141 2316 sedete,
1219 2277 1223 2282 -
1326 2287 1329 2294 .

73 2355 115 2395 ne
127 2335 228 2392 hostis
241 2332 307 2406 e'jus
321 2334 359 2389 ibi
372 2335 473 2388 locum
487 2331 622 2386 haberet.
656 2330 756 2388 servis
768 2331 795 2398 ²)
807 2329 931 2387 Christo
941 2329 967 2396 3)
981 2331 1028 2388 vel
1042 2335 1142 2390 solum

73 2428 210 2486 sedendo
236 2436 265 2480 et
282 2423 385 2480 locum
403 2421 523 2477 Diaboli
546 2419 744 2492 occupando,
769 2421 884 2477 etiamsi
900 2433 1049 2492 praeterea
1066 2424 1140 2480 nihil
1187 2461 1192 2467 -

73 2533 181 2590 egeres
191 2513 308 2570 eunetis
321 2513 420 2570 boris:
438 2521 549 2584 quanto
563 2512 654 2581 magis
666 2525 735 2566 oum
744 2527 805 2566 non
817 2511 929 2582 otieris,
947 2513 1000 2571 sed
1013 2531 1139 2586 pugnes,

74 2621 110 2668 et
131 2623 240 2682 purges
266 2613 385 2678 peecata
411 2603 438 2660 in
464 2602 577 2673 populo
603 2600 799 2671 perverbum
815 2600 895 2670 Dei,
920 2603 950 2662 iu
976 2620 1037 2676 quo
1061 2603 1139 2662 bene

72 2702 153 2758 vale.
188 2697 294 2753 Salutat
316 2705 345 2749 te
363 2710 428 2748 mea
446 2691 544 2747 Ketlta
567 2691 665 2747 adhue
688 2690 857 2762 singultiens
881 2693 998 2750 interim
1024 2695 1058 2750 ad
1076 2713 1138 2752 me.

70 2791 203 2850 moriam
228 2785 489 2843 obedientissimae
513 2783 597 2842 filisu.
630 2781 793 2839 Dominioa
817 2793 888 2858 post
904 2783 975 2840 Sim.
1001 2795 1032 2840 et
1047 2785 1139 2861 Jnd„

72 2895 155 2941 auno
172 2875 340 2936 MDXLH.

768 2937 809 2996 T.
826 2937 919 2996 Mart.
938 2939 1101 3008 Lutherus.

75 3224 357 3332 'assitentes
480 3273 483 3278 ·
594 3215 651 3340 ⁵,
825 3230 1100 3318 utmmxcuu.

394 3399 443 3468 atu
466 3392 663 3472 tenuiori
685 3389 817 3461 belet.

358 3539 430 3590 ttettt
443 3539 478 3585 tit
491 3533 619 3588 uirtutum
632 3533 671 3584 tet
685 3533 853 3606 &uirtutum
925 3527 929 3530 ’

533 3659 675 3671 ———·

354 3701 360 3714 ⁶
395 3741 448 3791 utut
461 3744 511 3798 teu
524 3740 583 3787 cor.
595 3737 672 3785 ratu.
685 3739 730 3786 esi.
745 3749 760 3796 p
781 3739 814 3788 tt
908 3718 911 3725 ’

122 3945 434 4004 ,1)ῇ3εεηι.1ιείῖεοιωοε,
485 3913 746 4001 muniturum.
795 3943 891 4000 ilud.
907 3944 1003 3993 Christi.
