2672 4518
479 269 691 369 asta
877 397 879 400 Ι
1041 287 1103 360 ιιι

111 445 143 506 st
164 459 265 508 autem
288 448 397 510 Vestra
422 449 503 510 (leis.
529 454 577 512 ab,
591 454 740 527 impudica
764 455 826 511 vita
847 471 909 510 non
940 449 1105 522 ιιῑίιιὶιιειι,Ι

40 540 129 612 quod
144 541 231 609 dicit,
247 542 304 598 sibi
321 544 524 617 impossibile,
540 559 730 617 optaremus,
748 545 827 600 Cels.
840 543 977 600 Vestram
996 543 1025 598 in
1044 557 1109 596 tues

38 629 114 686 liori
138 641 214 688 stata
238 647 307 689 esse
325 651 428 690 coram
445 635 517 692 Deo
541 647 571 694 ct
588 653 695 701 secura
718 635 901 692 conscientia
921 636 1043 700 vivere,
1068 631 1106 687 ad

38 724 184 796 propriae
208 725 324 780 animae
348 724 473 782 saliatem
498 737 529 781 et
552 727 697 782 ditionum
721 742 757 781 ac
781 725 966 781 subditorum
992 722 1107 778 annolus

36 828 189 870 mentum.
232 812 352 887 Quodsi
384 816 515 888 denique
539 815 647 873 Vestra
670 818 748 872 Cels.
777 817 899 872 omnino
923 812 1107 869 concluserit

39 902 144 958 adhuc
158 919 248 960 unam
265 905 427 976 conjugem
444 907 554 961 ducere
564 945 574 974 ,
588 907 725 978 juramus
742 907 770 961 id
790 915 908 962 secreto
923 903 1106 970 iaciendum,

39 993 90 1055 uti
103 995 238 1066 saperius
249 995 287 1050 de
298 995 518 1068 dispensatione
529 997 660 1068 dictam,
679 1013 786 1069 nempe
804 1007 837 1052 ut
852 1003 967 1050 tantam
979 991 1106 1049 Vestrae

39 1079 143 1154 cels,
165 1081 205 1138 illi
222 1095 370 1154 personae
392 1101 428 1139 ac
447 1085 548 1156 paucis
570 1088 708 1160 personis
734 1083 869 1142 fidelibus
893 1093 1010 1140 constet
1026 1082 1108 1137 Cels.

37 1169 168 1230 vestiae
190 1176 307 1232 animus
332 1187 363 1232 et
384 1177 568 1233 couscientia
585 1177 641 1232 sub
666 1177 763 1247 sigillo
782 1175 993 1231 confessionis.
1026 1173 1107 1228 Hinc

40 1281 111 1320 ιοιι
125 1274 293 1336 sequuntur
308 1265 435 1336 alicujus
451 1269 596 1322 momenti
612 1267 864 1323 contradictiones
888 1275 937 1320 aut
953 1263 1107 1321 scandala:
1157 1274 1161 1288 '

42 1354 213 1411 nihdeaim
231 1363 279 1410 est
294 1353 443 1425 inusitati,
460 1355 618 1429 Principes
639 1357 824 1414 concubinas
843 1356 937 1413 alere:
955 1367 983 1410 et
1002 1370 1107 1426 quem.

43 1447 95 1502 vis
110 1461 171 1500 nou
188 1445 331 1501 omnibus
349 1463 366 1500 e
383 1445 470 1520 plebe
487 1456 639 1502 constaret
656 1449 749 1515 ratio,
773 1461 871 1502 tamen
896 1445 1107 1519 prudentiores

45 1535 261 1604 intelligerent,
287 1545 317 1591 et
340 1535 435 1608 magis
455 1537 584 1610 placeret
607 1536 685 1594 haec
708 1539 842 1593 modesta
867 1537 984 1592 vivendi
1009 1531 1108 1604 ratio}

48 1641 137 1698 qaam
154 1625 334 1682 adulterium
351 1638 381 1681 et
398 1627 444 1681 alii
455 1623 576 1682 belluini
593 1619 631 1683 et*
640 1628 778 1701 impudici
791 1638 890 1682 actus:
909 1643 966 1682 nec
982 1625 1108 1680 curandi

47 1715 174 1770 aliorum
191 1731 368 1784 sermones,
386 1716 511 1772 sirecte
529 1732 600 1772 cam
616 1717 796 1787 couscientia
813 1729 934 1788 agatur,
958 1718 1003 1772 sic
1026 1726 1054 1770 et
1077 1717 1111 1771 in

45 1813 163 1861 tantum
175 1803 239 1863 ltoc
256 1804 467 1880 approbamus,
755 1863 757 1868 ,
860 1841 865 1850 ι
992 1841 997 1852 ·
1104 1831 1112 1882 i

47 1985 50 1992 ,
111 1941 194 2000 Nam
214 1943 296 2016 quud
314 1943 394 2023 clpca
408 1942 633 2006 matrimonium
651 1944 680 2000 in
697 1943 765 2016 lege
781 1941 882 2002 Musis
905 1944 960 2016 tuit
982 1939 1115 2018 permis-¹

49 2049 135 2104 aum,
153 2031 349 2104 Evangelium
367 2049 428 2090 noa
446 2047 568 2090 revocat
584 2045 634 2090 aut
650 2036 843 2106 retat,·quod
861 2043 1021 2092 externum
1034 2027 1115 2104 iugi-⁴¹

47 2141 119 2180 meu
141 2141 206 2180 ιιοιι
227 2123 379 2192 immutat,
402 2125 457 2179 sed
479 2123 570 2179 adfert
585 2135 732 2179 aeternam
745 2123 892 2194 laetitiam
909 2125 945 2180 ad
961 2106 1116 2182 asternam‘

49 2215 159 2282 marn,
183 2223 215 2268 et
235 2214 352 2272 orditur
368 2227 470 2270 veram
487 2203 774 2286 obedientiam-erga
792 2215 911 2285 Deam,
937 2225 968 2272 et
984 2215 1115 2273 conatur

51 2313 226 2378 corruptam
251 2315 385 2362 naturam
408 2319 554 2377 reparare.
587 2304 683 2360 Habet
704 2306 802 2377 itaque
815 2305 904 2360 nete.
920 2302 1112 2364 vestre-nott

51 2403 165 2452 tautum
182 2396 319 2450 omnium
336 2403 471 2450 noctram
487 2395 691 2450 testimouium
709 2396 737 2450 in
749 2408 820 2450 casu
832 2397 1039 2464 necessitatis,
1057 2395 1117 2454 sed·

52 2487 138 2544 etiam
164 2485 376 2558 antecedentes
401 2487 824 2554 nuatrasceasideratioaas‚·
838 2501 929 2558 qaas,
953 2502 1111 2558 sugamus,

1 2630 2 2635 ,
52 2587 83 2634 at
97 2575 209 2638 Vestra
223 2570 303 2636 ests.
320 2586 472 2647 tamquam
488 2574 622 2636 laudatas
630 2615 645 2645 ,.
658 2576 775 2648 sapiens
788 2575 1013 2643 etchtistlauus
1025 2575 1117 2632 Prin-¹

1 2702 4 2722 t
51 2681 125 2744 ceps
141 2664 216 2722 velit
232 2664 411 2740 ponderare
443 2664 575 2728 Oramus
598 2679 721 2738 qaoque
745 2655 868 2734 Deum,
892 2665 1013 2724 ataellt
1029 2665 1112 2724 Cels.

50 2755 191 2860 Veatmpa
216 2757 346 2832 aluam
349 2773 388 2816 aa
411 2768 516 2826 regare
540 2753 576 2810 ad
598 2770 683 2815 auam
704 2754 822 2814 laudem
842 2765 874 2810 ct
889 2755 1012 2814 Vestrae
1029 2755 1115 2814 Ccls.
1133 2789 1149 2849 '.

52 2849 164 2911 mimae
182 2847 320 2912 salutem·
1147 2864 1151 2872 =

114 2975 211 3053 Quod
236 2977 342 3032 attinet
365 2975 401 3031 ad
425 2974 585 3033 consilium
607 2974 687 3031 hanc
707 2991 771 3032 rem
788 2975 888 3081 apud
882 2975 1038 3034 Caesarem
1054 2959 1113 3030 ιιι.1

53 3070 166 3136 mandi,
191 3059 418 3134 existimamus,
444 3057 528 3120 illata
550 3064 724 3120 adulterium
751 3067 828 3122 inter
847 3067 963 3122 minora
986 3057 1114 3138 peccati

53 3158 226 3214 numeraret
247 3169 318 3213 neta
335 3171 519 3236 magnopere
535 3155 715 3225 verendum,
734 3153 818 3212 illarii
827 3123 994 3236 l’aptsttes,
1012 3157 1113 3211 cardi.

53 3235 166 3318 atlitia,
174 3249 285 3304 italice
293 3285 304 3315 ‚
321 3231 497 3318 Hispanico,
515 3243 686 3301 Snraoeuica
700 3245 854 3302 imbutum
850 3241 934 3315 tide,
951 3251 1013 3300 aon
1028 3253 1127 3299 curu

54 3351 152 3394 turum
169 3337 297 3394 Vestrae
313 3335 397 3392 Cels.-
393 3335 594 3410 postulatum
610 3347 641 3392 et
657 3335 688 3395 in
706 3337 858 3408 proprium
876 3331 1115 3390 emolumentum¹

56 3429 138 3485 vanis
159 3427 264 3484 verbis
288 3430 539 3494 sustentaturum,
571 3426 650 3480 sicat
668 3417 880 3494 intelligimus,
904 3422 1056 3495 pertidum
1077 3423 1134 3479 ac'‘

55 3520 187 3578 lallecem
213 3520 313 3573 virum
341 3533 426 3584 esee,
454 3531 618 3587 moresque
647 3514 820 3574 Genuanici
849 3512 987 3570 oblitum.
1029 3511 1134 3569 videa

57 3610 130 3666 cels.
141 3603 251 3666 vestis
265 3607 345 3679 ipsa,
362 3606 445 3677 quod
462 3605 550 3659 nullis
564 3603 789 3660 necessitatibus
810 3601 981 3660 ultristianis
996 3601 1115 3658 sineere

58 3699 193 3756 consulit.
226 3697 362 3753 Tarcam
382 3697 452 3750 sinit
467 3681 731 3769 imperturbptttn't,
757 3696 874 3748 exultet
887 3702 1001 3749 tenurm
1018 3691 1116 3748 rebel:

57 3787 148 3844 licaes
159 3788 193 3842 in
206 3783 380 3854 (ientacula,
396 3795 429 3838 ut
447 3783 610 3856 potentiam
629 3782 847 3854 Burgundioam
865 3781 977 3844 efferat.
1012 3781 1115 3856 Quare

58 3877 234 3952 uptaadtan,
259 3885 291 3928 ut
313 3875 384 3928 nulli
409 3873 563 3928 christiani
580 3871 739 3942 Principes
758 3871 834 3926 illius
852 3871 1116 3928 infidiasntaclsina.

59 3968 187 4027 tionibus
204 3979 240 4022 se
259 3963 411 4018 misceant.
446 3962 534 4020 Deus
552 3975 710 4018 conservet
726 3957 965 4016 aslevensem.
999 3959 1067 4017 Nus
1080 3961 1119 4016 ad

134 4061 212 4138 sut.
239 4051 276 4120 v,
319 4133 321 4142 A
434 4117 437 4122 ,
873 4051 913 4117 16
