2682 4508
529 283 537 304 ⁸
553 279 645 352 tata.
1040 277 1127 364 (rm

1 510 3 517 Ι
74 387 141 482 G.·
138 435 252 508 etP.-'
268 434 410 512 expecta
427 425 611 512 Dominum,
636 443 761 502 viriiiter
783 459 852 518 age,
878 443 918 501 mi
923 441 1063 500 statuat.
1091 439 1128 498 ai

44 536 48 546 ·
70 525 172 599 nulia
169 541 252 586 esset
268 533 408 602 tentatio,
437 547 512 620 quae
532 547 692 590 exerceret
712 535 801 590 tidem
824 523 1071 603 christianorum,
1094 541 1129 588 tu

72 619 187 689 cogita,
205 621 276 695 quid
292 623 424 680 futurum
442 635 524 680 esset
541 625 577 680 de
596 625 765 682 christiania
783 626 917 696 securis,
935 624 1057 692 otiosis,
1075 640 1130 678 vo.

38 723 41 728 *
71 708 381 779 luptuariisisciiicet
398 713 492 783 idem,
510 719 592 788 quod
611 716 647 772 de
663 715 779 788 Papstu
796 717 919 771 factum.
953 715 1047 770 Cum
1041 714 1130 784 igitur

43 811 46 816 ·
73 799 253 863 tentationes
276 801 335 858 sint
353 803 597 874 Rhabarbaram,
622 797 769 878 Myrrha,
793 787 889 861 Ainea
912 815 942 860 et
965 805 1171 860 antidotum

42 889 296 948 ¹·ccnt'raomn'es
308 907 445 964 vermes,
463 893 593 964 saniem,
611 889 812 969 putredinem,
829 893 1049 966 atereuahujua
1062 909 1131 950 cor·

70 979 157 1050 poris
173 982 304 1050 peccati:
329 985 481 1054 sequitur,
498 1001 559 1040 nou
577 1001 644 1041 esse
662 985 910 1055 contemnendas,
928 985 980 1040 sed
997 1000 1055 1040 nec
1072 997 1131 1057 pro

41 1078 179 1126 ·noatro
204 1071 322 1128 arbitrio
349 1075 530 1146 expetendas
554 1076 610 1132 vet·
629 1075 796 1146 eligendas,
823 1075 883 1132 imo
909 1073 1132 1148 suscipiendas,

44 1224 46 1226 v
71 1159 283 1234 cujuscunque
299 1159 419 1232 generis
433 1165 460 1230 1)
477 1164 565 1220 Deus
582 1163 669 1222 nobis
687 1165 788 1222 inferri
805 1165 830 1231 2)
852 1164 998 1240 voluerit,
1025 1173 1057 1218 ut
1081 1163 1131 1236 qui

72 1250 170 1318 aciat,
186 1247 216 1318 ³)
238 1268 335 1325 qnae,
351 1255 472 1326 quates,
490 1258 615 1326 quantae
632 1255 719 1313 nobis
736 1257 796 1310 sint
812 1255 985 1316 utilissimae
1002 1265 1032 1310 et
1049 1269 1134 1309 eoru.

70 1333 277 1423 modissimae.
311 1343 413 1420 Quare
426 1355 456 1400 et
467 1357 499 1401 tu
512 1347 598 1402 fortis
611 1357 677 1403 esto
689 1356 719 1402 et
731 1346 844 1416 cogita,
862 1347 887 1400 si
900 1346 1022 1402 omnino
1039 1345 1134 1409 (sicut
1228 1335 1230 1340 ’

70 1443 179 1484 verum
204 1431 267 1497 est)
293 1433 429 1490 ferendae
453 1443 523 1490 aunt
546 1437 738 1504 tentationes,
764 1437 893 1490 ieramus
920 1435 989 1489 istas
1016 1433 1134 1506 potius,

73 1535 166 1591 quant
184 1521 304 1591 pejores
323 1531 352 1577 et
369 1525 535 1594 graviores.
568 1525 636 1580 Sine
661 1525 692 1580 et
708 1525 787 1580 ferto
798 1550 814 1592 ,·
833 1524 974 1598 quicquid
992 1519 1133 1578 Centauri

73 1618 107 1664 et
131 1611 262 1682 papistae
286 1613 460 1669 moliuntur.
493 1611 563 1670 Nec
588 1627 685 1670 tamen
712 1613 829 1670 omittas
854 1630 960 1692 egere&
982 1613 1134 1681 scribere,

73 1695 245 1778 supplicare
258 1705 296 1757 'et
312 1705 412 1758 omnia
428 1713 539 1760 tentare
557 1696 634 1778 apud
650 1704 822 1780 Principem
836 1713 866 1758 et
876 1703 1043 1780 ubicunque
1057 1717 1135 1774 opus
1148 1707 1163 1740 ›'

73 1799 134 1846 est.
169 1789 247 1864 Quis
264 1783 338 1862 scit',
356 1795 474 1864 quando
492 1793 602 1850 bonam
618 1793 726 1850 horam
744 1795 833 1850 Deus
850 1793 951 1850 dabit?
983 1793 1033 1849 Ne
1051 1793 1134 1860 time,

74 1897 115 1936 ae
136 1881 321 1939 inveniamur
342 1881 398 1940 nos
422 1885 596 1955 defatigatos
622 1885 713 1942 fuisse
730 1877 760 1952 ⁶)
784 1899 813 1940 et
835 1885 965 1940 cessisse
985 1883 1135 1950 Diabolo‚

6 1964 7 1972 ’
45 1989 51 2010 ³
74 1971 247 2042 infatigabili
270 1973 371 2044 Ιιοιιί,1
394 1985 422 2031 et
445 1981 517 2030 ttinc
532 1991 602 2030 sero
619 1975 712 2031 nostri
730 1990 787 2031 nos
804 1975 955 2047 poeniteat
971 1984 1002 2030 et
1017 1984 1138 2044 nostrae

75 2058 219 2118 mollitiei»
230 2064 335 2134 pigeat.
368 2064 410 2118 Ita
420 2065 457 2118 de
468 2064 518 2120 tua
527 2065 622 2120 matre
639 2063 712 2120 nihil
726 2075 756 2120 te
768 2079 914 2132 maceres,
932 2081 1008 2136 quae
1020 2065 1049 2118 in
1061 2063 1139 2118 Stui.

75 2169 138 2226 peu
156 2152 213 2208 sub
228 2151 342 2226 Papatu
362 2171 432 2208 cum
450 2155 588 2210 scandalo
605 2155 758 2225 Evangelii
776 2155 878 2210 vivero
895 2155 1022 2221 mavult,
1046 2169 1137 2226 quam
1158 2211 1164 2220 ,

75 2241 198 2300 Pirnae.
216 2234 248 2312 ⁵)
282 2235 344 2302 oia
361 2261 416 2318 pro
434 2260 469 2299 ea
486 2244 700 2315 indesinenter,
719 2256 749 2302 et
766 2245 945 2301 satisfecisti.
978 2243 1066 2300 Certe
1083 2243 1138 2298 bo.

76 2349 151 2390 num
168 2349 230 2388 uon
247 2346 342 2405 estet,
366 2336 391 2391 ai
409 2335 522 2389 omnia
533 2351 609 2392 mox
633 2346 663 2392 et
686 2337 716 2391 iu
740 2336 887 2408 praesenti
913 2334 1034 2403 fierent,
1060 2349 1139 2406 quae
1196 2347 1201 2359 ·

77 2425 218 2496 cupimus
235 2437 284 2481 aut
301 2426 442 2498 petimus.
475 2425 562 2482 Deua
587 2427 693 2483 melius
716 2427 862 2500 prospicit
884 2424 988 2494 nobis,
1013 2424 1139 2524 videns,

46 2541 62 2575 ι,
78 2531 170 2590 quam
186 2517 276 2576 stulta
293 2527 379 2584 sunt,
395 2531 471 2589 quae
489 2515 518 2572 in
535 2517 683 2588 praesenti
700 2508 728 2584 ⁶)
746 2517 886 2591 petimus.

143 2619 197 2678 De
212 2621 316 2679 Turca
329 2620 406 2678 nihii
423 2638 569 2679 novarum
585 2621 748 2697 habemus,
765 2640 822 2679 nec
825 2623 878 2678 'de
894 2631 1069 2680 nostrorum
1085 2635 1140 2677 ex.
1163 2617 1165 2624 ‘

47 2721 53 2756 '-
76 2711 249 2784 peditione.
274 2712 309 2768 In
325 2711 452 2784 Belgico
470 2709 581 2770 Caesar
596 2712 718 2786 publico
736 2713 837 2770 edicto
859 2714 956 2769 vetuit
978 2711 1139 2768 saeviret·

46 2819 52 2832 ·
75 2801 279 2860 Lutherauoe.
300 2802 348 2858 'In
361 2801 457 2860 Gallia
471 2819 541 2860 cum
558 2803 677 2860 biennio
694 2819 754 2874 pax
771 2805 893 2886 fuisset,
912 2803 1049 2874 paulatim
1068 2803 1142 2857 irre.

76 2901 180 2966 pserat
202 2890 386 2962 Evangelion
408 2909 463 2964 per
484 2892 579 2948 libros
602 2894 760 2963 invectos..
783 2893 819 2950 ld
845 2910 915 2950 cum
939 2895 1140 2950 resciscerent

75 2981 241 3062 monachi,
265 2982 434 3055 sophistae,
459 2981 696 3052 Pariameutum,
720 2984 759 3039 ita
781 2981 882 3039 furere
901 2989 1141 3054 coeperuut‚f'ttt
1206 2980 1208 2991 ’

43 3093 57 3102 ⁴·
74 3075 113 3126 50
129 3063 362 3140 exusseriutss)
380 3071 435 3128 sed
452 3088 522 3128 cum
540 3082 617 3128 tanta
635 3072 835 3142 indignatione
852 3071 1026 3138 hominum,
1052 3081 1086 3126 ut
1100 3087 1140 3127 ne

77 3161 224 3218 tumuitus
242 3171 273 3220 et
289 3162 396 3219 seditio
412 3161 496 3232 fieret
508 3163 647 3232 Parisiis,
665 3163 735 3220 Rex
753 3165 797 3218 sit
809 3173 932 3221 coactus
951 3165 1140 3233 interponere

77 3266 202 3308 manum
218 3261 250 3306 et
265 3252 418 3308 saevitiam
436 3269 643 3326 compescere.
677 3252 848 3332 Episcopus
864 3249 1153 3322 Coloniensisincif'

77 3341 124 3416 pit
149 3342 248 3398 iacere
272 3343 467 3398 mutationem
489 3341 635 3398 abuauum
659 3343 688 3398 in
710 3357 764 3396 sua
782 3341 925 3397 dioecesi.
957 3332 1141 3398 Benedictus
1210 3403 1212 3406 ,

78 3431 195 3503 Deus,'
213 3432 265 3505 qui
283 3431 469 3503 Evaugeiinn
486 3449 574 3489 suurn
591 3431 752 3512 glorificat,
775 3445 808 3486 ut
832 3432 856 3487 si
875 3432 969 3487 nostri
987 3442 1162 3488 conterre.-

49 3522 130 3580 ¹⁴n'ei
147 3515 180 3589 8)
203 3521 423 3592 Bethsaidr'tae,
448 3521 644 3606 Castricius,
669 3519 878 3602 Nasarcthitae
902 3529 1142 3595 non·accoptaut

93 3748 99 3762 '
129 3751 152 3804 1)
166 3749 236 3800 ΜΒ.
251 3760 412 3816 quascunque.
453 3749 558 3803 ziam
572 3749 671 3796 inferre.
693 3741 697 3748 ’
716 3739 739 3804 3)
754 3738 812 3796 c'oa.
823 3743 889 3796 ooth
909 3747 996 3798 suant.
1034 3745 1141 3803 ow.

82 3823 109 3873 c.
119 3825 147 3872 G.
169 3835 215 3870 neo
228 3821 270 3871 bie
281 3823 432 3870 inveniamur
445 3835 491 3870 nos
504 3822 620 3880 fatigator
635 3835 697 3871 esse.
731 3823 792 3876 &tu
811 3836 842 3870 ue
860 3826 917 3872 tanc
929 3823 1081 3872 astruimur
1094 3837 1141 3870 aot

80 3895 297 3953 tatianorum·
322 3895 741 3956 S&OE.-quaeirtstulpenetc.'
772 3897 1137 3955 acascomarcos.

81 3967 270 4044 iii-⁶2⁶⁶·
284 3973 424 4019 esarereat.
469 3969 577 4025 WB.
592 3969 891 4026 respiramentum·
1027 4001 1038 4010 υ
1099 3997 1102 4004 ·

1290 3917 1299 3958 i
