2638 4498
141 305 144 310 <
210 247 272 346 m
694 235 786 353 titt}

210 393 265 486 G·
284 447 314 497 et
330 438 367 498 P.
399 437 485 498 Nihil
497 427 609 498 nomm
627 441 698 497 lacit
711 441 885 510 Csrlowitz,
902 429 1131 508 utffsenlsis„mi
1144 439 1266 505 Antonii
1311 433 1313 486 l

209 529 264 588 sed
280 531 306 598 ¹)
329 531 425 585 homo
449 531 594 602 reprobus
617 535 707 601 facit,
723 531 752 598 2)
776 531 859 602 quod
884 543 1020 586 meretur
1044 539 1074 586 et
1096 537 1130 585 'se
1152 531 1266 599 dignum

210 633 267 679 est.
302 619 392 678 Mitte
404 623 531 692 vadere,
549 625 628 680 sicut
639 623 727 678 vadit.
756 618 948 689 Dominust)
967 631 1266 679 conset-uermerium

182 709 359 785 ;Principis
384 712 521 769 Mauritii
544 714 572 768 in
599 711 931 784 salutempoputorum
956 711 1137 779 multorum,
1166 713 1267 767 Amen.

104 841 106 849 ι
208 797 302 877 Quod
327 801 402 875 petis
426 803 463 858 de
490 801 644 875 disciplina
676 798 880 858 ecclestaittcu
909 819 925 856 ι
951 817 999 856 me
1026 801 1140 870 scribi,
1174 801 1268 871 cogito

206 892 337 948 fortasse
363 909 418 964 per
444 891 533 948 elium
557 891 585 947 id
601 885 633 959 ⁴)
657 893 833 947 effecturum
850 891 1034 948 Dominum:
1061 907 1118 961 ego
1142 892 1226 963 plane
1241 901 1269 947 ct

205 983 294 1058 plene
306 985 471 1041 exhaustus
484 999 567 1051 sum,
584 996 615 1043 et
626 985 673 1040 alii
688 984 793 1041 melius
806 983 835 1040 id
847 983 984 1040 efficient.
1015 983 1159 1055 Denique
1171 999 1268 1053 spero,

205 1071 380 1147 Principem
406 1075 442 1129 sb
460 1073 573 1132 Anhtlt
595 1074 784 1165 Episcopum
811 1073 910 1131 nobis.
925 1075 1062 1135 daturum
1090 1074 1270 1146 exemplum:

121 1227 126 1240 ¹
207 1151 385 1237 inquere
414 1165 478 1236 jum
504 1164 553 1219 diu
583 1166 672 1220 etium
704 1164 894 1233 laboramus,
911 1156 943 1230 ⁵)
970 1174 1004 1219 ut
1028 1163 1269 1233 Numburgensic

205 1253 378 1328 Episcopus
396 1255 567 1326 exemplum
585 1255 712 1322 ederet,
723 1254 773 1310 ubi
786 1253 871 1312 sitm
891 1255 1007 1310 aulicus
1025 1255 1114 1311 etiem
1127 1253 1268 1311 hierenus

208 1328 326 1412 restitit,
340 1345 423 1400 velut
434 1345 473 1400 illi
483 1337 510 1412 6)
528 1346 632 1416 angelo
645 1345 675 1401 in
687 1343 813 1402 Daniele
830 1346 936 1402 restitit
948 1345 1088 1418 princeps
1099 1343 1267 1402 Perssntm.

206 1434 360 1490 Dominus
378 1447 482 1506 sugent
498 1434 585 1491 nobie
603 1436 739 1508 spiritum
756 1451 864 1504 suum,
883 1440 993 1490 Amen.

273 1541 355 1622 Quid
380 1543 458 1600 eliud
475 1558 543 1613 ugus
560 1559 630 1600 cum
652 1543 724 1612 illis,
750 1543 801 1615 qui
819 1543 1044 1600 Sacramentum
1062 1539 1205 1600 differunt
1220 1557 1268 1596 ac.

206 1631 309 1703 cipere
327 1649 424 1705 usque
441 1633 477 1688 ud
494 1643 665 1690 extremum
681 1633 832 1701 holitum,
844 1633 899 1690 nisi
917 1645 949 1689 ut
961 1633 1080 1708 publice
1098 1633 1268 1701 admoneus,

87 1755 100 1777 t
207 1722 264 1780 sihi
288 1733 455 1796 temperare
478 1735 508 1786 et
531 1725 637 1780 timere
662 1725 743 1780 stuli
760 1724 917 1798 periculo?
945 1713 1089 1797 deinceps
1114 1725 1267 1790 minando,

207 1815 233 1870 si
252 1815 318 1886 quis
337 1831 429 1886 porro
448 1815 611 1884 distulerit,
638 1816 735 1871 donec
754 1827 860 1872 sensus
883 1825 913 1872 et
930 1815 1004 1870 mtto
1024 1815 1191 1883 defecerit,
1215 1815 1268 1871 illis

205 1920 267 1960 non
281 1919 371 1982 posse
383 1905 543 1962 ministrari
556 1901 798 1972 Sacramentum,
814 1921 876 1960 non
894 1906 960 1978 plue
973 1919 1056 1960 certe
1074 1921 1164 1978 quam
1178 1921 1267 1982 porco

206 2007 258 2050 sut
281 1996 357 2055 cmi.
392 1995 471 2051 Num
497 2011 566 2050 cunt
593 1995 650 2052 illis
677 2013 737 2051 non
755 2007 856 2069 potest
879 1997 923 2066 egi
946 1997 983 2052 de
1007 1997 1191 2068 poenitentis
1213 2015 1266 2053 nec

206 2085 372 2156 explorari,
399 2083 472 2158 quid
497 2087 618 2140 credent
644 2096 694 2141 aut
716 2097 818 2156 egunt:
845 2102 936 2158 quare
962 2102 1023 2142 non
1048 2097 1179 2156 possunt
1202 2103 1264 2146 esse
1306 2087 1316 2104 '

206 2189 330 2246 capaces
345 2176 542 2245 sacramenti,
561 2185 590 2231 et
605 2176 714 2233 frustm
732 2177 788 2232 illic
806 2177 939 2232 offertur.
971 2175 1015 2258 §it
1026 2177 1145 2246 sanguis
1163 2194 1263 2234 eorum

205 2261 299 2342 super
316 2268 406 2339 ceput
428 2266 577 2338 ipsorum,
593 2257 626 2332 ⁷)
651 2267 702 2338 qui
726 2277 785 2322 tora
803 2267 883 2334 vito,
908 2267 978 2324 dum
996 2269 1060 2322 suni
1084 2277 1173 2336 sunt,
1197 2285 1263 2324 con.

204 2367 340 2412 temnunt
365 2355 489 2411 verbum
515 2366 544 2410 et
569 2357 810 2425 Sacramentum,
834 2371 895 2430 quc
912 2355 986 2414 liunt
1003 2356 1042 2410 de
1062 2357 1110 2412 die
1133 2358 1166 2413 in
1191 2359 1264 2414 diem

204 2446 366 2518 ineptiores
391 2446 556 2517 adipsum.
583 2456 615 2500 ut
633 2447 742 2501 :nerito
762 2447 960 2504 sacramentis
982 2449 1138 2520 priventur
1160 2449 1190 2502 in
1210 2448 1261 2504 fine

204 2534 281 2592 vitsc
299 2536 416 2608 propria
434 2537 529 2608 culpa.
564 2537 667 2610 Quare
685 2539 833 2607 cogitent,
851 2538 922 2592 dum
934 2537 1054 2606 vivunt,
1073 2537 1144 2593 dum
1162 2539 1261 2608 velent,

205 2627 276 2683 dum
294 2627 394 2684 audire
418 2636 448 2682 et
464 2630 646 2701 respondere
669 2639 700 2685 et
716 2639 840 2704 peccate
861 2637 891 2682 et
909 2628 996 2683 lidem
1013 2646 1087 2701 pum
1110 2645 1138 2686 et
1157 2632 1262 2688 diserte

204 2717 339 2778 confiteri
356 2727 500 2790 possunt,
526 2727 556 2773 ut
572 2717 750 2774 adsuescent
767 2717 802 2772 sd
820 2733 908 2778 tusum
925 2718 1010 2774 verbi
1033 2731 1060 2774 et
1074 2720 1261 2780 sacrementi.

205 2809 257 2866 Sin
275 2809 391 2878 minus,
409 2819 528 2864 careant
544 2809 633 2866 etium
651 2810 678 2863 in
697 2807 771 2878 line,
794 2823 864 2862 cum
882 2809 958 2864 rstio
975 2821 1005 2865 ct
1023 2825 1132 2866 sensus
1149 2813 1261 2868 defece.

203 2899 281 2968 rint,
299 2897 382 2956 omni
400 2897 562 2956 ministerio
580 2908 609 2955 et
620 2897 815 2954 Sacramento
834 2907 863 2958 et
875 2900 1088 2978 communione
1099 2897 1260 2972 Ecclesiae,

205 2991 284 3046 sicut
308 2989 337 3044 in
355 2990 413 3044 vite
426 2989 596 3046 -voluemnt
620 2999 650 3044 et
666 3000 850 3043 mercemur.
883 2987 984 3046 Nobis
1008 2991 1179 3048 mandatum
1200 3005 1259 3064 est,

203 3097 243 3138 nc
267 3093 402 3134 sanctum
429 3079 533 3134 demus
559 3078 706 3145 canibus,
729 3093 787 3133 nec
805 3078 905 3152 porcis
923 3079 1103 3150 margarites.
1138 3081 1185 3136 Sic
1206 3099 1258 3138 uos

203 3183 324 3228 nostros
343 3169 566 3238 admonuimus,
583 3181 614 3225 et
630 3170 667 3224 lte
686 3169 823 3230 lecimus.
840 3161 867 3232 8)
903 3167 985 3224 Bene
1003 3171 1032 3225 ln
1048 3171 1183 3230 Domino
1199 3176 1258 3229 vele

204 3271 235 3318 et
252 3277 377 3345 utapro
394 3275 455 3324 mc.
487 3259 581 3317 Sexto
599 3272 670 3332 post
685 3258 760 3327 Viti,
780 3259 965 3316 MDXLlV.
1037 3285 1076 3382 M-
1104 3326 1131 3382 L
1157 3325 1189 3386 D

268 3417 365 3476 Mittit
383 3415 480 3473 Kethn
499 3409 737 3476 meu'modutum
755 3433 812 3487 pro
830 3417 958 3489 pelliceo
985 3417 1103 3487 filiolae,
1129 3431 1162 3474 ut
1178 3433 1257 3478 cures

201 3525 323 3583 parare,
343 3524 403 3580 quo
421 3517 508 3580 potes
525 3505 631 3578 aptius.
666 3503 859 3582 Quemquam
875 3508 995 3574 nescio,
1024 3523 1085 3579 quo
1098 3508 1169 3578 jure
1188 3509 1257 3563 tein

120 3607 131 3618 “
201 3601 377 3656 seruitutem
395 3599 584 3669 occepimus,
610 3598 693 3658 utin
712 3584 850 3656 omnibus
873 3609 904 3662 et
926 3599 956 3653 in
972 3609 1033 3657 tam
1049 3601 1150 3658 multis
1172 3615 1257 3672 opert

202 3699 251 3747 tus
268 3693 356 3761 gratis
374 3700 499 3748 utamur.
535 3689 688 3745 Dominus
707 3688 819 3743 reddat.
837 3681 862 3755 9)

204 3823 732 3842 Μ*

176 3884 182 3896 ’
252 3883 656 3960 ri'surtt.-ses.'2›n.nrtr.
694 3909 843 3963 eunucus.
881 3911 1022 3964 tin-te.
1060 3912 1256 3966 suumomni·

202 3995 262 4032 mus.
300 3987 322 4036 6)
338 3979 514 4037 litamine.
529 3981 622 4057 Apllle.
657 3985 827 4039 Mecium.
864 3989 886 4040 8)
900 3987 930 4032 Α,
944 3985 1052 4036 tuemur.
1092 3989 1154 4040 ild.
1168 3987 1254 4035 reddet

1099 4201 1115 4239 Ι
