2650 4512
520 273 610 346 itis
1034 269 1108 342 sto.

25 433 122 504 cujus
145 433 277 506 cognitio
304 427 339 492 sd
363 431 538 525 crudiendos
563 441 683 492 mentes
710 443 742 492 et
765 429 983 492 confirmsnms
1007 445 1096 490 verns

25 525 189 596 opiniones
214 527 377 602 plurimum
402 528 550 584 conducit.
589 528 759 598 Diligenter
784 527 894 592 audivit
919 529 1097 598 interpretes

21 611 256 687 Prophetarum
269 626 299 674 et
310 619 528 690 Apostolorum
540 617 569 673 in
581 615 641 672 bac
654 615 776 687 s'cltola,
790 628 828 673 -ct
839 616 965 674 concub
976 625 1097 672 veteres

23 703 171 762 Graecos
202 718 232 766 et
254 701 380 766 L'stin'cs
413 710 577 782 scriptores
603 707 639 764 de
664 705 821 764 Ecclesiae
848 704 1035 776 dogmatibus
1068 711 1100 761 et

23 796 147 867 piarum
164 797 354 868 synodorum
371 799 508 868 decreta,
527 809 560 855 ut
576 807 689 868 teuent,
709 798 781 870 quid
799 797 1020 870 Apostolorum
1036 793 1098 851 Ec.

22 885 123 942 clesia
147 889 268 960 puriore
293 899 387 944 aetate
410 891 558 964 senserit,
583 899 613 944 et
634 889 738 948 Deum
763 888 847 947 hona
870 887 961 966 lide'
949 901 1101 954 invocare

24 987 59 1032 et
85 961 159 1033 elios
183 987 278 1033 recte
287 979 399 1034 docere
415 979 522 1050 possit.
556 979 643 1042 Cutn
656 975 747 1050 igitur
764 975 801 1034 ab
822 959 966 1050 Antpliss.
987 972 1099 1032 Senatu

20 1063 246 1142 Ratisponensi
272 1071 308 1124 ad
334 1069 503 1125 docendum
520 1068 717 1140 Evangeiium
741 1075 867 1124 vocttus
893 1076 992 1135 esset,
1017 1080 1099 1122 ece
1204 1071 1208 1085 ’
1254 1138 1257 1146 ¹

20 1159 121 1215 nobis
139 1161 262 1231 petitum
280 1169 377 1228 esset,
395 1169 428 1215 ιιι
444 1159 619 1216 testimonio
635 1159 666 1215 in
682 1158 797 1214 scholis
814 1157 922 1216 usitato
941 1173 1098 1214 commen.

25 1249 172 1320 claretur,
191 1251 315 1306 libenter
331 1243 550 1308 hunc‘llieron'.
566 1243 693 1324 Nopum
711 1259 835 1323 propter
850 1245 982 1324 optimos
1001 1249 1098 1321 ipsius

22 1355 135 1398 mores
160 1352 189 1396 et
207 1342 346 1412 eximium
363 1341 561 1397 eruditionem
578 1342 669 1412 gradu
686 1341 860 1398 doctoratus
879 1341 908 1396 in
925 1334 1099 1408 Tiieologie

17 1433 205 1488 ‘ornavimus
213 1472 224 1501 ,
248 1432 337 1504 idque
361 1431 410 1488 his
436 1431 529 1489 literis
555 1441 714 1504 testamur,
738 1441 768 1487 et
793 1431 896 1488 Deum
921 1441 1107 1501 ueternum,⁴

24 1521 156 1580 Patrem
171 1521 295 1578 Domini
313 1526 407 1599 nostri
423 1521 502 1578 iesu
520 1521 649 1592 Christi,
673 1521 812 1596 quonism
835 1522 866 1578 in
881 1517 1036 1590 Evangelii
1053 1519 1102 1574 lu.

25 1619 101 1667 cem
119 1624 192 1681 eunt
206 1613 335 1686 treduxit
350 1629 385 1668 ec
396 1615 577 1669 voiuntatem
595 1615 622 1670 ei
639 1613 737 1682 dedit,
755 1623 788 1668 ut
801 1611 847 1684 pie
864 1613 976 1668 servire
988 1611 1102 1666 Eccie.

25 1705 94 1760 sine
113 1704 229 1776 cupiat,
255 1717 434 1776 precamur.
459 1713 493 1759 ut
509 1687 734 1806 adjuvet'eum,
757 1711 788 1757 ut
809 1699 1006 1758 ministerium
1032 1699 1101 1772 ejus

23 1779 71 1850 sit
89 1793 164 1849 t'eiix
189 1803 219 1849 et
235 1793 380 1862 salutare
405 1795 484 1850 sicut
508 1783 659 1866 scriptum
677 1792 738 1848 esti
763 1789 855 1848 Deus
879 1785 943 1861 es't,
967 1791 1102 1866 quim

16 1879 118 1964 *bonu
134 1879 284 1953 velimus,
309 1881 422 1954 efficit,
447 1890 477 1941 et
494 1883 646 1955 adjuvat,
664 1889 699 1939 ut
718 1871 991 1957 perficiamus,
974 1878 1039 1956 vaip
1055 1877 1102 1948 τίἶι

25 1969 195 2044 ιῦδοιιίιις,Ι
188 1989 247 2030 ue.
266 1981 302 2030 ut
318 1975 562 2062 dioecesiani
549 1973 615 2048 apsi
629 1983 741 2050 prato.
775 1975 911 2030 Maxime
932 1973 1011 2029 anim
1029 1989 1100 2046 pars

25 2065 152 2138 generis
170 2067 311 2136 humani,
334 2067 476 2123 furenter
485 2051 683 2124 contemnens
698 2067 817 2136 Deum,
835 2065 892 2121 ruit
908 2065 941 2120 in
966 2067 1099 2132 scelera,

26 2157 144 2231 quibus
160 2154 346 2226 horribiliter
362 2145 483 2213 Deus
468 2157 620 2214 irascitur:
638 2159 747 2214 sedne
769 2167 868 2213 totum
885 2172 978 2228 genus
994 2157 1102 2212 hume

26 2265 108 2305 num
126 2258 241 2320 petent,
260 2249 396 2322 excerpit
407 2238 499 2305 Deus
519 2248 682 2322 eliquesco
699 2247 836 2306 Ecclesia
855 2265 909 2307 sua
916 2287 925 2318 ,
949 2262 1004 2321 per
1021 2263 1102 2320 quos
1118 2263 1121 2273 ¹

26 2341 113 2396 bonu
131 2349 160 2395 et
175 2341 311 2396 salutaria
328 2334 396 2395 fiunt
406 2379 416 2410 ,
441 2353 497 2412 per
514 2355 592 2412 quos
609 2337 762 2410 Evangelii
779 2342 833 2395 lux
856 2341 914 2394 late
934 2339 1101 2412 spargitur,

26 2441 61 2486 et
85 2430 169 2486 multi
195 2431 231 2486 sd
257 2430 436 2502 agnitionem
452 2429 514 2486 Dei
537 2423 571 2485 'et
595 2430 630 2484 ad
652 2421 746 2512 vitam*
764 2439 914 2485 aeternam
936 2441 1100 2494 vocantur,

23 2533 158 2594 propter
174 2537 252 2593 quos
270 2530 429 2577 seruentur
444 2521 583 2594 politice,
600 2537 676 2593 quae
694 2519 769 2576 liunt
785 2521 914 2592 hospitia
931 2517 1103 2584 Ecclesiae.

25 2613 64 2670 ln
83 2613 147 2668 hoc
163 2621 290 2668 numero
308 2629 375 2682 esse
392 2611 517 2670 Hieron.
528 2609 655 2686 Nopum
672 2627 845 2685 speramus,
864 2622 911 2682 et,
929 2620 962 2666 ut
978 2623 1102 2683 sentpet·

24 2704 55 2758 ei
76 2702 155 2758 adsit
170 2701 276 2768 Deus,
293 2717 414 2774 semper
430 2717 501 2758 eunt
518 2701 664 2772 gubernet
676 2703 784 2772 Spiritu
799 2691 981 2770 Sancto,''ex
999 2701 1101 2758 auimo
1164 2733 1168 2742 ·

24 2807 201 2864 precamur.
234 2789 415 2851 Postremo
421 2802 451 2847 et
467 2789 637 2874 Ecclesiam
653 2787 907 2864 Ratisponensetu
924 2792 1100 2860 hortemur,

26 2893 63 2938 ut
82 2881 238 2952 Evangelii
255 2884 411 2954 puritatem
428 2881 556 2942 retinere
573 2879 707 2951 studeat,
727 2891 758 2937 et
775 2883 929 2938 ministros
947 2889 1028 2964 recte
1047 2881 1102 2935 do.

25 2984 136 3028 centes
148 2972 274 3060 benigne
293 2971 409 3039 foueat,
427 2982 461 3027 ut
472 2969 679 3044 gratitudinem
694 2985 779 3027 suem
797 2963 866 3043 erga
877 2969 980 3030 Deum
998 2981 1102 3027 osten.

26 3063 81 3118 dat
98 3077 155 3135 pro
173 3053 315 3118 renotata
331 3063 399 3118 luce
413 3059 576 3132 Evangelii.
610 3057 724 3120 Ferunt
741 3063 821 3118 enim
838 3063 868 3117 in
886 3061 992 3119 iisdem
1004 3061 1101 3132 regio.

24 3154 141 3222 nibus,
171 3154 285 3210 semine
308 3150 485 3224 Evangelii
489 3153 588 3209 statim
613 3163 683 3224 post
705 3147 898 3224 Apostolos
898 3169 1001 3225 sparsa
1031 3165 1101 3207 esse

27 3261 88 3318 per
106 3243 235 3300 Lucium
252 3231 455 3314 Cyrenaeum,
473 3243 524 3316 qui
542 3244 571 3298 in
590 3245 676 3298 Actis
690 3243 910 3315 Apostolorum
928 3241 1100 3298 celebratur
1204 3263 1207 3274 ·

20 3325 96 3406 esp.
115 3331 197 3390 XIII.
225 3327 320 3390 Hunc
343 3346 483 3388 secutum
506 3331 661 3388 exercitus
684 3329 841 3388 Romanos
864 3333 900 3387 sd
923 3331 1103 3388 Danubium

27 3435 152 3478 narrant
168 3425 197 3480 in
214 3428 347 3494 Augusta
364 3421 515 3486 'I'iberloa¹
526 3411 637 3479 Christi
654 3438 766 3478 nomen
784 3430 813 3478 et
831 3421 998 3479 doctrinam
1015 3437 1101 3494 prae.

29 3511 166 3576 dicasse,
198 3509 278 3566 Tam
289 3515 349 3568 cito
360 3509 449 3568 Deus
461 3512 517 3568 sibi
536 3513 564 3568 io
578 3511 640 3568 istis
652 3513 772 3586 populis
783 3511 954 3570 Ecclesiam
968 3512 1100 3584 collegit·

29 3603 192 3663 Gaudesnt
207 3612 306 3658 eutem
318 3615 397 3656 nunc
414 3616 537 3676 quoque
548 3601 603 3675 pli,
620 3616 726 3680 rursus
742 3618 901 3659 accensam
919 3604 987 3660 es'se
998 3603 1104 3666 lucem

30 3691 207 3764 Evangelii,
239 3707 366 3764 eamque
397 3693 478 3748 veris
511 3691 614 3749 officiis
640 3695 767 3750 retinere
799 3689 925 3762 curent,
954 3705 988 3750 ut
1011 3691 1101 3751 Deus

30 3781 286 3852 cetemus,·Pster
299 3782 410 3838 domini
422 3784 518 3839 nostri
529 3779 608 3840 Je‘su
619 3783 741 3851 Christi,
753 3799 825 3841 cere
836 3783 993 3842 invocetur
1009 3795 1040 3842 et
1050 3799 1102 3842 ce.

30 3875 176 3936 lebretur.
210 3871 308 3942 Detae
319 3870 534 3946 Witeobergec
547 3873 593 3930 die
606 3872 734 3934 Octobr.
749 3877 789 3932 ts.
797 3913 811 3946 ι
826 3873 1103 3952 ιιιιισΜῦΧῙᾸῌ.
1158 3917 1163 3922 -

137 3979 143 4008 l

328 4001 331 4010 -
865 3964 1037 4026 nnnc.

115 4051 246 4138 stit.
271 4043 295 4108 ss
854 4048 923 4167 ιι·
982 4097 994 4124 ,
