2736 4512
222 287 288 364 390
451 289 464 328 r
707 292 800 365 titt.

224 451 284 510 didi
301 423 453 528 pectoris,
475 463 538 513 tum
555 455 670 531 piatatis
692 457 723 512 in
742 454 897 514 Christum
916 453 1060 524 eximiae,
1087 451 1172 527 quod
1190 450 1240 508 vel
1254 467 1283 506 eo

221 546 327 600 testari
345 563 489 618 possum,
507 549 588 620 quod
607 549 785 610 tentationes
804 547 867 602 ilias
884 547 1136 619 spiritualissimus
1154 561 1172 598 a
1191 543 1285 598 Satara

106 629 109 642 '
220 647 345 708 passum
364 635 429 707 ipse
446 636 505 691 vidi
524 637 653 710 saepius.
688 636 779 694 Simul
798 637 870 706 fuit,
887 637 971 692 velut
987 643 1038 691 tuo
1053 636 1144 702 loco,
1163 633 1287 690 convive

220 719 414 794 meus,'uou
441 741 502 782 uno
528 743 606 782 anuo
633 727 754 794 solum,
779 738 812 784 ut
837 725 910 781 mihi
938 725 1011 782 satis
1037 723 1075 780 sit
1098 711 1308 797 perspectus*

221 813 328 889 Quare
355 832 424 870 eum
450 816 502 872 tibi
531 805 728 873 vehementer
756 818 847 890 cupio
873 816 1137 882 commendatum,
1168 823 1202 868 et
1229 810 1288 866 aliis

220 907 348 962 nostris.
383 905 456 963 Nou
472 917 539 978 eget
556 919 678 975 sumtu,
701 909 825 963 autulio
842 907 895 962 alia
913 923 976 975 ru,¹
989 906 1044 962 uisi
1062 915 1095 960 tat
1110 917 1219 960 vestra
1236 901 1289 956 imi

220 993 311 1050 liceat
336 1008 366 1051 et
391 1013 483 1068 opera
509 1009 539 1052 et
563 997 639 1066 fide,
668 998 799 1054 sirone
824 1011 912 1053 casua
937 997 1033 1052 cadat.
1077 993 1289 1064 ingolstadiutu

220 1087 336 1142 missus
354 1097 400 1142 est
423 1088 537 1158 aruis,
565 1087 656 1144 isthic
668 1087 804 1160 juribus,
830 1097 976 1161 utputo,
1001 1087 1123 1142 daturus
1148 1101 1290 1157 operam,

220 1185 384 1250 postquam
403 1193 508 1233 rumor
525 1177 711 1246 increbruit,
724 1178 839 1251 jurium
857 1177 953 1234 studit
971 1177 1079 1235 florere
1099 1176 1290 1249 potissimum
1317 1229 1318 1234 ,

219 1253 407 1337 ingolstadii.
441 1267 494 1324 Tu
519 1268 606 1338 igitur
628 1270 653 1323 si
677 1270 748 1341 quid
774 1268 907 1348 charitati
926 1269 1039 1326 debera
1061 1279 1091 1324 ts
1117 1267 1291 1334 existimas,

210 1349 247 1417 ai
265 1360 336 1432 quid
355 1361 442 1416 ctiam
455 1370 560 1416 nostro
578 1359 734 1429 sodalitio,
751 1360 776 1416 si
787 1361 861 1434 quid
872 1360 1025 1417 vicariatui
1043 1370 1097 1414 tuo
1113 1359 1203 1430 (nam
1222 1357 1292 1412 loco

220 1439 276 1506 t'uo
302 1451 358 1506 fuit
375 1449 466 1520 mihi,
492 1462 524 1505 tat
540 1450 666 1520 dicitur,
689 1452 822 1508 vicarius
850 1451 1093 1512 comm'ensaiisit
1121 1448 1235 1517 iacies,
1261 1457 1292 1503 ut

219 1543 330 1598 sentiat
354 1539 409 1598 sibi
433 1542 585 1614 profuisse
601 1541 681 1598 hauc
698 1557 797 1598 msam
820 1541 1124 1598 commendationem.
1158 1539 1292 1596 Tantum

195 1631 200 1642 '
221 1633 330 1687 audere
341 1630 416 1686 mibi
433 1633 591 1704 permittes
608 1647 698 1704 spero
717 1633 746 1688 iu
764 1643 844 1688 tuam
860 1629 1093 1700 humanitatem,
1111 1630 1196 1704 quod
1214 1641 1293 1685 tanta

221 1719 330 1778 fiducia
349 1719 481 1792 ignotum
499 1721 588 1780 vobis
606 1723 803 1778 commendat
827 1725 895 1777 na'm
914 1734 943 1777 ot
958 1731 1012 1778 tuo
1029 1722 1169 1790 nomine,
1187 1737 1292 1794 quem.

223 1829 347 1886 cunque
365 1817 509 1886 possum,
526 1813 606 1868 nosti
626 1851 634 1870 .
653 1851 661 1869 .
680 1850 688 1865 .
705 1813 837 1880 audere,
852 1823 881 1870 et
892 1829 986 1888 posse
1003 1824 1124 1886 petere,
1143 1821 1294 1886 quotquot

221 1903 313 1961 nobis
332 1903 601 1960 commendaveris.
613 1903 658 1970 (2)
691 1901 764 1958 Vale
782 1904 812 1960 io
828 1903 967 1961 Doutiuo
984 1915 1016 1960 et
1031 1921 1085 1960 ora
1103 1921 1162 1978 pro
1178 1921 1229 1960 me
1245 1919 1293 1958 ca.

203 1995 345 2080 dauers.
379 1995 421 2052 17.
439 1995 586 2066 Augusti,
609 1991 766 2053 MDXLI.

487 2187 1021 2218 W

261 2343 456 2421 autaut.
927 2383 933 2397 s
1032 2291 1259 2408 Numntxtt.
1321 2399 1325 2408 .

587 2499 638 2571 iit
669 2499 797 2572 meuc.
821 2499 927 2574 itui.
1178 2467 1180 2472 ⁵

313 2655 474 2713 ouantium
487 2657 596 2711 ittitiitu
604 2657 752 2783 piuituutpnt
765 2657 822 2782 ἤιξε
833 2663 877 2708 usu
889 2655 1004 2716 auidum
1017 2659 1057 2708 uri
1070 2657 1211 2714 uetustati

568 2753 571 2770 ι
660 2742 687 2786 tu
726 2742 781 2788 tarn
810 2743 863 2790 utu.

280 2965 333 3020 uui
346 2967 526 3022 uuttfaieui
539 2965 703 3024 amomum
715 2968 864 3022 mutam
878 2969 895 3014 t.
906 2969 954 3017 336.
967 2969 1009 3019 ita
1021 2967 1134 3026 &dise
1147 2967 1190 3016 111.
1200 2968 1247 3016 uit.

229 3098 366 3158 Eximio
397 3098 497 3171 Viro,
525 3099 593 3156 Dra.
626 3081 819 3158 Wencosioo
847 3099 970 3172 Linou,
999 3098 1115 3170 Theoi,
1139 3081 1293 3168 Ductori,

294 3206 387 3248 servo
404 3189 470 3248 Dei
485 3191 521 3250 in
537 3189 689 3250 Ecclesia
706 3189 984 3268 Nunnherqcnsi,
1008 3206 1068 3248 suo
1085 3189 1224 3260 Mcv'ori
1247 3206 1292 3244 oe.

295 3281 454 3340 nouando.

228 3397 283 3490 G·
303 3455 334 3502 et
349 3445 388 3502 P.
421 3445 506 3504 Nihil
531 3431 613 3516 erat,
638 3447 721 3520 quod
739 3447 923 3518 scriberem,
949 3448 991 3505 mi
1014 3445 1215 3516 Wcuoesiae,
1240 3443 1294 3501 nisi

226 3543 258 3590 ut
270 3536 376 3606 gratius
395 3553 514 3608 agerem
528 3555 583 3614 pro
595 3538 783 3612 poematibus
798 3556 814 3594 a
828 3549 857 3596 te
868 3537 981 3596 missis.
1015 3537 1176 3611 Decrepiti
1191 3553 1296 3594 sumus

226 3625 330 3694 ambo,
342 3639 382 3706 v3et
394 3626 462 3682 fessi
474 3627 589 3683 taudem
603 3628 766 3698 spectando
786 3639 816 3684 st
828 3629 954 3684 ferendo
966 3629 1107 3684 malitiam
1120 3641 1148 3682 ot
1160 3628 1295 3684 furorem

225 3714 359 3769 omnium
373 3715 575 3774 Diaboiorum
592 3729 631 3772 ox
649 3717 769 3776 iuscruo
781 3717 959 3776 solutorum.
994 3717 1097 3794 Quare
1110 3717 1199 3774 nobis
1211 3717 1296 3774 beata

224 3803 302 3862 bora
325 3805 452 3888 petenda
474 3817 521 3864 est
546 3805 735 3872 aDomioo‚
762 3817 795 3864 ut
821 3823 889 3864 cum
913 3809 1004 3877 gratia
1030 3819 1060 3869 et
1083 3807 1297 3868 benedictione

119 3945 122 3952 ,
224 3893 390 3967 ahigromus
415 3894 451 3950 ad
477 3911 564 3965 eum,
590 3913 679 3970 quem
705 3899 910 3972 praedicamus
937 3911 966 3952 et
990 3897 1180 3960 confitemur.
1215 3899 1295 3956 Mihi

223 3985 323 4069 piacet
338 3985 533 4050 comitiorum
549 3986 617 4048 talis
634 3987 750 4053 exitus,
769 3989 858 4066 quod
865 3987 1027 4049 adversarii
1043 3990 1209 4048 amiserunt
1219 4005 1295 4051 ooo·

537 4114 558 4150 l
