2718 4508
557 227 684 366 1⁵42(
1066 265 1129 338 uso

140 427 191 484 De
203 431 328 498 pectinis
340 430 579 513 Weissenseenei
591 419 755 506 lac‚'quo‹l
767 433 852 490 facis.
884 433 915 492 N
918 449 963 488 am
978 431 1047 489 satis
1065 401 1140 500 eget
1239 417 1242 424 ’

72 513 224 587 Magister
240 519 306 588 ille,
324 538 421 579 novus
432 523 583 602 mantus,
607 524 653 578 cui
671 524 737 581 data
754 535 799 580 est
814 524 977 578 mediatore
993 523 1036 578 D.
1052 519 1134 581 Pon.

72 616 156 664 tanc.
190 607 340 679 Viderint,
357 613 407 684 qui
426 613 526 668 dolum
544 615 697 683 fecarunt,
715 615 764 684 uel
780 631 843 670 non
859 615 1005 670 fecerunt.

137 721 189 777 De
207 726 414 796 supputatione
431 737 480 781 tun
498 728 543 782 sic
556 727 668 794 ιειιιίο,
687 727 757 782 mihi
772 743 894 798 prorsus
911 727 1015 781 similia
1034 725 1133 782 solum

70 810 103 866 in
126 811 203 867 libro
229 831 326 886 eoque
341 817 441 871 unico
464 818 607 872 iudicum
631 833 687 873 sex
711 817 881 872 occurrisse
905 801 1131 888 impedimenta,
1153 823 1158 831 ‘

71 919 151 973 quae
167 903 229 959 tibi.
262 905 302 962 Et
320 921 466 978 sequerer
482 907 573 962 hodie
592 910 782 976 cogitationes
799 917 883 977 tuas,
901 908 958 963 uisi
976 923 1025 960 eas
1040 915 1131 973 tuuc,

71 1009 146 1048 cum
167 1011 268 1050 essem
291 999 319 1050 in
343 1015 452 1069 opere,
476 1016 525 1052 me
549 1013 742 1068 exercentes,
767 987 919 1053 vicissem.
946 980 1030 1054 Nam
1050 997 1133 1070 qood

69 1091 105 1138 tu
130 1081 201 1138 illud
216 1085 326 1154 alleg.
345 1071 458 1142 vt'sto
481 1089 600 1157 intelligi
619 1089 732 1154 velles,
757 1088 841 1160 quasi
863 1089 914 1141 400
930 1088 995 1143 anni
1019 1095 1133 1143 tautum
1178 1127 1195 1140 ,-

69 1173 208 1230 debonis
221 1176 374 1246 judicibus
387 1179 501 1248 dicant
519 1197 579 1236 nou
592 1181 627 1234 de
642 1167 753 1252 populo
771 1169 1040 1246 autaei-vitutibus
1060 1185 1136 1250 qua-l
1227 1225 1229 1228 .

67 1263 138 1319 liter
156 1266 191 1318 de
208 1265 275 1322 Saul
291 1279 404 1322 tantum
422 1270 481 1324 duo
499 1270 581 1337 anui,
606 1270 688 1325 etde
705 1269 816 1324 Horam
838 1281 951 1324 tantum
975 1282 1045 1324 octo
1064 1267 1132 1324 anni

69 1357 225 1427 supputari
244 1357 396 1426 videntur,
421 1367 451 1412 tu
470 1359 596 1428 videtis,
616 1371 757 1447 quantum
775 1359 825 1414 liic
844 1359 979 1415 movebis
996 1357 1131 1414 absurdiss

68 1447 219 1500 catamiti
243 1447 385 1517 historia,
411 1449 471 1502 imo
497 1448 526 1502 in
549 1447 696 1504 Ecclesia.
729 1447 808 1504 Nan
834 1450 889 1502 istu
916 1449 1130 1519 consequentia

68 1535 151 1590 nulla
176 1543 239 1604 est,
263 1537 407 1608 populum
432 1553 498 1593 esse
520 1548 741 1610 peccatorem·
755 1555 827 1608 ergo
852 1557 888 1592 en
907 1551 1046 1616 tempore
1067 1553 1130 1594 non

68 1627 164 1683 fuisse
181 1627 325 1699 populum
341 1629 419 1697 Dei,
437 1642 485 1684 aut
501 1628 604 1686 Deuru
622 1629 745 1700 populi,
763 1631 942 1700 praesertim
954 1627 1130 1696 promissio.
1200 1675 1204 1685 .

68 1733 142 1772 asem
166 1717 314 1776 habentis.
356 1719 472 1776 Bileam
494 1719 587 1776 Num.
606 1718 717 1776 xxiv.
743 1720 826 1774 dicit:
854 1735 921 1772 non
945 1717 1067 1772 idolum
1093 1717 1131 1770 in
1161 1749 1165 1756 ·

68 1805 182 1864 Jacob.
204 1809 325 1872 ‚Contra
343 1811 437 1866 Amos
455 1812 540 1869 dicit:
565 1808 732 1886 Numquid
745 1809 825 1864 mihi
842 1805 1001 1864 obtulistis
1022 1808 1130 1864 ιἰιᾱιι

69 1905 162 1972 serto
180 1916 242 1970 per
264 1897 299 1954 lto
315 1905 445 1964 camos?
478 1903 506 1957 Si
532 1917 603 1972 engo
627 1902 684 1966 sub
706 1901 800 1956 Mose
818 1901 902 1964 ,(ίιιιο
927 1899 984 1956 sub
1005 1898 1129 1957 Christo
1157 1925 1160 1935 ·

69 1991 127 2064 fuit
140 1989 237 2050 Judas
260 2000 291 2048 et
306 1995 435 2064 populus
453 1991 583 2064 ininius)
601 1994 712 2048 fuerint
724 1991 893 2048 idololatrae
916 2007 953 2047 eo
972 2001 1127 2062 tempore,
1205 2045 1209 2064 ,
1292 2041 1294 2048 ι

71 2097 135 2153 que
151 2083 265 2138 nullum
289 2083 471 2163 luit-idolum
488 2082 652 2152 indiculi,
674 2084 761 2142 etiam
784 2084 852 2155 ipso
869 2093 963 2150 teste,
988 2081 1039 2135 ubi
1058 2080 1130 2137 dicit

15 2219 19 2240 ‚
69 2159 166 2230 Deut.
177 2173 264 2230 XIL:
281 2175 361 2232 Non
368 2173 487 2246 facies,
503 2175 586 2249 sieut
601 2191 663 2230 nos
678 2173 774 2239 hodie¹
785 2173 937 2242 facimus,
957 2171 1130 2247 numquis:
1160 2199 1162 2208 ·

69 2279 131 2340 que
153 2263 242 2339 quod
260 2262 321 2320 siti
343 2272 465 2322 rectum
480 2265 624 2326 videtur:
649 2276 761 2338 quanto
785 2265 876 2332 magis
900 2261 1076 2330 sub-‹losoa
1097 2270 1129 2319 et

68 2353 136 2410 aliis
159 2355 234 2410 tales
259 2357 386 2412 suemut.
429 2355 495 2412 lino
519 2346 665 2412 Ezechiel
690 2355 779 2422 dicit,
804 2369 964 2409 manemus
988 2348 1129 2410 Actibus
1158 2378 1161 2385 ·
1207 2415 1210 2420 ,

57 2443 173 2517 juisse
189 2447 346 2513 tactus.¹)
378 2443 420 2502 El
445 2446 492 2502 alii
509 2445 680 2518 Prophetae
697 2443 800 2504 dicunt
822 2445 860 2500 ab
882 2445 965 2503 initio
982 2444 1082 2518 (sicut
1098 2451 1130 2508 et
1175 2430 1179 2440 ¹

68 2535 197 2594 Moses)
225 2535 321 2592 foisse
346 2535 474 2592 rebelles
496 2533 649 2594 Domino..
685 2536 720 2592 ld
746 2535 817 2608 quid
845 2546 892 2592 est
916 2535 1012 2610 aliod,
1038 2549 1128 2606 qoam
1164 2547 1168 2574 ²

67 2624 239 2686 Ecclesiam
258 2625 318 2680 Dei
342 2626 450 2681 laudari
469 2625 589 2697 quidem
608 2627 691 2698 quasi
710 2638 855 2698 perpetuo
879 2637 1010 2686 sanctam
1033 2637 1063 2682 et
1080 2619 1130 2682 ca·
1159 2659 1162 2671 -

69 2726 166 2785 stam,
191 2725 339 2774 ettamen
362 2716 450 2772 simul
468 2715 643 2786 significari,
668 2717 698 2772 in
721 2705 784 2790 ibas
805 2733 874 2772 esse
896 2715 974 2774 filios
990 2713 1129 2786 Diaboli,
1163 2734 1171 2758 .·.

17 2823 21 2830 ·
68 2807 132 2866 imo
157 2808 291 2865 satanam
317 2807 395 2862 iuter
419 2806 495 2865 filios
519 2807 592 2862 Dei.
631 2807 764 2864 Proinde
789 2817 897 2872 ,tecuae
916 2823 978 2864 non
1001 2820 1129 2878 possum
1171 2836 1176 2854 ι

70 2897 202 2967 sentire,
224 2898 307 2970 quod
328 2898 436 2966 διιεῖ.
454 2897 509 2954 Vl.
527 2899 566 2954 sit
586 2898 792 2969 intelligendus
807 2913 950 2956 uumerus
970 2897 1130 2970 pachonis
1161 2897 1165 2902 ”

68 2998 184 3044 tantum
196 2989 361 3059 judicibus.
378 2988 452 3045 -Sed
470 2989 571 3063 potius
589 2991 694 3044 Actor.
711 2974 797 3070 lllIL'
809 2989 920 3064 potabo
939 2989 1130 3062 depravatum

42 3119 45 3124 ,
69 3079 121 3134 too
139 3095 194 3152 pro
211 3081 279 3148 300,
304 3089 335 3135 ut
357 3080 386 3135 in
403 3077 647 3138 meoChronico
670 3079 792 3150 signavi.
828 3079 1077 3155 Quandoquidem
1100 3085 1130 3140 el

69 3169 212 3243 Stephaqi
240 3169 369 3227 narratio
399 3163 479 3228 Act.
494 3168 561 3230 vll.
591 3169 710 3226 cedere.
731 3169 820 3232 debet
846 3169 932 3227 Moei
960 3169 1130 3242 Chronict),

3 3315 6 3326 ,
70 3271 104 3316 ιιι
127 3259 237 3316 ibidem
260 3259 387 3316 ostendi.
425 3258 520 3329 Igitur
542 3260 626 3332 aliam
653 3260 757 3317 afferto
780 3259 1020 3316 conciliationem
1044 3257 1129 3320 Pauli
1167 3283 1173 3304 ν

72 3351 178 3408 Actor.
200 3349 285 3406 Xlll.
311 3365 382 3406 cum
406 3347 516 3416 suec.
532 3348 583 3404 vt.
624 3347 693 3405 Tua
717 3355 772 3405 ista
796 3348 868 3404 mihi
892 3363 955 3406 non
980 3349 1130 3412 satisfacit
1171 3377 1173 3382 ·

69 3441 180 3498 Vale
172 3459 216 3496 ιιι
228 3439 380 3510 Domino,
410 3449 440 3496 et
463 3455 517 3500 ota
543 3455 600 3515 pro
626 3455 686 3496 me.
728 3439 796 3502 Fer·
821 3438 849 3496 ⁶.
862 3448 945 3514 post
970 3438 1129 3510 Leucono,

20 3530 22 3533 ’
71 3529 243 3592 MDXLII
311 3537 314 3542 '
744 3557 747 3563 ¹
1102 3555 1107 3570 ·

671 3643 680 3662 '
747 3645 786 3705 Τ.
803 3623 959 3702 Mattiuos
971 3643 1097 3706 Ltuher.
