2660 4492
0 403 144 464 *ostias
173 405 376 476 consecratas*
391 426 426 466 so
451 425 512 468 nou
537 403 729 471 consecratas
754 417 810 486 pro
836 410 943 468 eodem
967 405 1092 464 baberet
1116 482 1118 486 Α

1 490 95 549 tneo
118 495 363 568 simpliciter-ert
381 501 542 572 ejiciendus
562 511 646 558 extre
669 513 788 560 nostras
805 501 979 558 Ecclesiae:
1004 489 1092 553 radat

2 583 49 640 ad
68 601 156 650 suos
169 585 388 657 'Ziriuglianos
422 589 495 646 Non
513 602 557 646 est
574 575 670 664 opus,
697 602 729 648 ut
745 608 866 646 carcere
884 600 1019 645 teneatur
1031 586 1092 642 lto.

3 689 66 730 mo
93 675 216 732 alienus
243 695 259 734 a
283 679 388 748 uobis,
413 681 461 734 cui
488 681 560 736 nihil
584 683 671 736 etium
691 679 804 752 juranti
828 681 1008 736 credendum
1033 689 1091 734 est.

2 757 122 820 Porro
144 767 191 833 is,
217 768 270 838 qui
287 771 403 841 aceepit
419 767 550 825 hostiam
568 789 628 825 non
646 783 871 837 consecratam,
894 770 966 825 nihil
985 785 1093 842 pecca.
1111 828 1118 837 ,

5 853 80 912 vite¹
107 853 187 911 litles
212 872 267 913 sua
291 875 359 914 euru
384 863 498 916 salvum
526 862 616 926 fecit,
642 879 700 934 qua
726 861 869 928 eredidit,
893 877 961 916 sese
984 875 1092 914 rerum

5 959 246 1001 sacamentum
264 951 422 1020 accipere,
441 962 471 1004 et
482 950 578 1006 verbo
587 951 647 1006 Dei
661 953 750 1008 nixus
763 963 829 1019 est,
848 952 973 1007 sednon
986 950 1092 1017 l'alsus,

6 1037 100 1092 sicut
117 1036 284 1108 baptisatus
300 1053 361 1104 est,
381 1041 561 1111 qtti'eredit,
579 1042 668 1096 etiam
681 1044 707 1097 si
720 1042 835 1110 luderet
846 1042 894 1095 vel
907 1031 964 1095 alio
975 1040 1092 1111 liquore

5 1125 207 1198 baptieasset
224 1128 385 1200 baptisans.
419 1131 476 1184 Sed
500 1145 560 1185 tarn
584 1129 760 1186 acutenihil
778 1131 841 1207 hoe
859 1131 930 1190 loco
948 1140 995 1186 eet
1012 1147 1090 1201 opus
1144 1132 1146 1136 ’

7 1215 258 1288 disputare,'rte
283 1219 442 1274 turbentur
463 1221 509 1275 vel
534 1221 686 1276 irritentur
706 1222 908 1278 eonscientiae
926 1221 1091 1294 imperitae.

10 1306 155 1374 Sufficit,
185 1309 266 1380 quod
292 1303 424 1366 credenti
452 1311 511 1366 sint
537 1286 635 1366 omnla
662 1311 826 1385 possibilia.
866 1311 917 1367 De
941 1313 1090 1383 particulis

10 1397 129 1454 mixtis
150 1399 338 1454 benefactum
355 1411 418 1468 est,
437 1402 518 1472 quud
529 1402 709 1463 eombustae
728 1413 812 1470 sunt,
832 1403 968 1473 quamvis
982 1402 1092 1474 reipsa

10 1490 96 1545 nihil
115 1490 223 1546 misser
240 1508 316 1562 opus
334 1507 480 1560 exurere,
498 1509 569 1547 cum
587 1505 671 1548 extra
684 1507 772 1547 usum
785 1491 858 1548 nihil
870 1492 907 1548 sit
922 1507 1093 1548 sacramen.
1187 1505 1188 1508 ’

12 1588 108 1647 tum,
126 1581 208 1636 sicut
225 1597 300 1654 aqua
317 1581 453 1652 baptismi
472 1596 556 1637 extra
569 1599 656 1638 usum
669 1599 728 1637 non
742 1591 788 1636 est
800 1581 954 1653 baptisma.
990 1580 1091 1638 Eden-

14 1669 108 1726 tibus
122 1681 154 1742 et
168 1671 361 1730 credentibus
373 1683 513 1740 operatur
525 1671 663 1726 Christus
675 1673 703 1726 in
715 1683 913 1728 sacramento.
948 1673 1005 1727 Sed
1019 1687 1090 1744 pro.

16 1773 92 1836 pter
109 1761 282 1820 scandalum
299 1773 382 1817 reete
400 1762 471 1818 lecit
488 1762 830 1834 Perculsus-exurendo.

88 1867 177 1925 Nihil
196 1879 347 1942 praeterea
366 1868 464 1924 habeo
483 1885 650 1925 novorum:
675 1869 766 1940 pridie
783 1868 853 1923 abiit
869 1867 912 1923 D.
930 1867 1088 1940 Philippus

18 1958 165 2028 Tor-garn
181 1975 305 2027 versus,
323 1971 448 2013 vocatus
467 1977 480 2012 a
500 1958 660 2030 Principe,
677 1959 702 2013 si
714 1959 740 2012 ei
753 1958 791 2014 sit
803 1957 933 2014 eundum
947 1959 982 2012 ad
995 1959 1090 2014 collo.

21 2051 133 2123 quium
149 2049 440 2122 Regenspurgense,
462 2049 590 2103 visurus.
609 2051 635 2112 ¹)
670 2048 737 2118 Ego
756 2047 881 2104 summis
899 2048 1012 2103 viribus
1029 2048 1091 2104 dis.

23 2141 108 2198 suasi
121 2139 273 2210 Principi,
290 2155 328 2194 rte
341 2139 515 2211 Philippum
530 2139 600 2194 satis
620 2139 789 2210 periculose
807 2149 1004 2208 aegrotantem
1022 2139 1091 2194 mit.

23 2241 86 2302 tat,
110 2231 145 2288 ed
170 2242 229 2286 tam
254 2231 375 2298 inutile,
400 2221 617 2297 frustraneum,
642 2229 723 2286 nihili
747 2229 951 2300 colloquium,
975 2231 1003 2285 in
1027 2245 1089 2301 quo

24 2333 143 2379 tanturn
157 2338 213 2376 nos
228 2321 348 2387 ludunt,
362 2331 482 2390 tempus
496 2329 526 2374 et
536 2329 651 2374 sumtus
666 2318 802 2391 perdunt.
832 2319 894 2392 lpsi
908 2336 964 2375 nos
976 2317 1091 2378 habeut

26 2429 85 2485 pro
103 2410 211 2476 asinis,
229 2409 279 2481 qui
298 2426 359 2464 non
378 2408 537 2477 intelligant
552 2419 612 2462 tarn
627 2424 745 2464 crassas
759 2417 788 2462 et
801 2408 929 2466 insulsas
942 2426 1011 2464 suus
1028 2426 1091 2465 ma.

2 2501 130 2560 ,ehioas
147 2512 176 2554 et
193 2499 347 2566 stultitias,
365 2511 440 2570 quae
457 2508 528 2552 sunt
539 2496 618 2552 haud
631 2485 717 2568 paulo
730 2498 904 2568 stultiores,
923 2509 1090 2570 quamtum

27 2609 100 2650 rum
116 2589 318 2646 Misnensium
334 2597 404 2643 sunt
418 2587 556 2643 ridendae
568 2588 728 2658 sapientiae
741 2601 769 2642 et
782 2589 996 2647 struthionales
1009 2600 1091 2648 astu.

29 2683 100 2742 tiae.
131 2682 214 2738 Beue
231 2679 297 2738 vale
314 2679 344 2736 in
361 2679 508 2736 Domino.
544 2683 585 2734 11.
602 2679 734 2735 ,Ianuarii
744 2718 754 2748 ,
777 2679 959 2738 MDXLVI.

589 2785 631 2842 T·
649 2787 691 2842 D·
711 2873 862 2932 Martinus
879 2875 997 2934 Luther
1013 2877 1056 2936 D.

70 3181 269 3272 raanan,
351 3171 353 3178 ’
726 3227 729 3235 .
790 3163 848 3238 m.
866 3167 1065 3240 Murcum
1107 3211 1110 3218 ·

400 3315 449 3388 aa
471 3313 557 3398 fitur.
580 3313 722 3396 utrobi.

21 3427 109 3512 'ttttrt
120 3459 153 3508 ttt
166 3457 262 3516 aitrau
276 3420 435 3514 uttrnldrtft
448 3461 495 3505 unt
509 3459 554 3508 tls
569 3455 637 3518 bite
656 3467 731 3514 stara.
743 3445 938 3511 ttr'ttitarutdtm
951 3459 1091 3515 suturam.

89 3665 166 3716 lblritt
179 3664 288 3716 mutili!
302 3665 341 3714 lm
355 3663 468 3720 &dist
482 3664 581 3713 illm.
600 3664 643 3711 tui
660 3663 736 3712 l'etr.
757 3660 854 3722 Allin.
873 3663 1092 3722 diversorum

43 3727 170 3806 praeripuit
189 3737 391 3786 sacramentarius
409 3742 491 3784 sertae
509 3737 658 3794 imposturis.
685 3735 764 3785 vitel.
778 3737 835 3786 1575.
849 3741 869 3786 8.
888 3748 932 3787 utu
952 3735 1092 3792 attritum.

93 3945 111 3998 t)
122 3942 172 3996 stt
185 3941 252 4006 batn.
265 3943 308 4001 tott
320 3953 405 3999 uatus
419 3942 539 3996 tuttattttt
553 3945 592 4004 (tt.
691 3956 695 3965 ’
