<?xml version="1.0" encoding="UTF-8"?>
<!DOCTYPE html PUBLIC "-//W3C//DTD XHTML 1.0 Transitional//EN"
    "http://www.w3.org/TR/xhtml1/DTD/xhtml1-transitional.dtd">
<html xmlns="http://www.w3.org/1999/xhtml" xml:lang="en" lang="en">
 <head>
  <title>
</title>
<meta http-equiv="Content-Type" content="text/html;charset=utf-8" />
  <meta name='ocr-system' content='tesseract 3.04.00' />
  <meta name='ocr-capabilities' content='ocr_page ocr_carea ocr_par ocr_line ocrx_word'/>
</head>
<body>
  <div class='ocr_page' id='page_1' title='image "./briefesendschre01luthgoog/briefesendschre01luthgoog_0696.png"; bbox 0 0 2650 4512; ppageno 0'>
   <div class='ocr_carea' id='block_1_1' title="bbox 217 231 805 379">
    <p class='ocr_par' dir='ltr' id='par_1_1' title="bbox 217 231 805 379">
     <span class='ocr_line' id='line_1_1' title="bbox 217 231 805 379; baseline -0.007 -39"><span class='ocrx_word' id='word_1_1' title='bbox 217 270 280 360; x_wconf 63' lang='lat' dir='ltr'><strong>rat,</strong></span> <span class='ocrx_word' id='word_1_2' title='bbox 429 231 431 236; x_wconf 61' lang='grc'><strong>’</strong></span> <span class='ocrx_word' id='word_1_3' title='bbox 586 367 589 379; x_wconf 23' lang='grc' dir='ltr'>Ι</span> <span class='ocrx_word' id='word_1_4' title='bbox 703 270 805 360; x_wconf 67' lang='lat' dir='ltr'><strong>asta.</strong></span> 
     </span>
    </p>
   </div>
   <div class='ocr_carea' id='block_1_2' title="bbox 156 427 1291 2050">
    <p class='ocr_par' dir='ltr' id='par_1_2' title="bbox 156 427 1291 2050">
     <span class='ocr_line' id='line_1_2' title="bbox 218 427 1288 508; baseline 0 -22"><span class='ocrx_word' id='word_1_5' title='bbox 218 431 316 503; x_wconf 61' lang='lat' dir='ltr'><strong>uerbo</strong></span> <span class='ocrx_word' id='word_1_6' title='bbox 333 431 395 489; x_wconf 87' lang='lat' dir='ltr'><strong>Dei</strong></span> <span class='ocrx_word' id='word_1_7' title='bbox 413 434 597 492; x_wconf 77' lang='lat' dir='ltr'><strong>exercitatus</strong></span> <span class='ocrx_word' id='word_1_8' title='bbox 614 440 674 490; x_wconf 83' lang='lat' dir='ltr'><strong>lam</strong></span> <span class='ocrx_word' id='word_1_9' title='bbox 691 432 812 508; x_wconf 86' lang='lat' dir='ltr'><strong>imparia</strong></span> <span class='ocrx_word' id='word_1_10' title='bbox 826 427 947 491; x_wconf 76' lang='lat' dir='ltr'><strong>virtutis</strong></span> <span class='ocrx_word' id='word_1_11' title='bbox 958 438 997 488; x_wconf 83' lang='lat' dir='ltr'><strong>et</strong></span> <span class='ocrx_word' id='word_1_12' title='bbox 1005 430 1141 503; x_wconf 78' lang='lat' dir='ltr'><strong>spiritua</strong></span> <span class='ocrx_word' id='word_1_13' title='bbox 1152 443 1210 487; x_wconf 77' lang='lat' dir='ltr'><strong>me</strong></span> <span class='ocrx_word' id='word_1_14' title='bbox 1226 441 1288 486; x_wconf 78' lang='lat' dir='ltr'><strong>etet</strong></span> 
     </span>
     <span class='ocr_line' id='line_1_3' title="bbox 217 521 1289 598; baseline -0.004 -20"><span class='ocrx_word' id='word_1_15' title='bbox 217 523 390 594; x_wconf 73' lang='lat' dir='ltr'><strong>intelligam.</strong></span> <span class='ocrx_word' id='word_1_16' title='bbox 423 525 504 582; x_wconf 83' lang='lat' dir='ltr'><strong>Nam</strong></span> <span class='ocrx_word' id='word_1_17' title='bbox 523 543 574 595; x_wconf 87' lang='lat' dir='ltr'><strong>ea,</strong></span> <span class='ocrx_word' id='word_1_18' title='bbox 592 526 753 598; x_wconf 81' lang='lat' dir='ltr'><strong>quaemihi</strong></span> <span class='ocrx_word' id='word_1_19' title='bbox 765 525 911 594; x_wconf 74' lang='lat' dir='ltr'><strong>tribuitis,</strong></span> <span class='ocrx_word' id='word_1_20' title='bbox 928 541 985 597; x_wconf 85' lang='lat' dir='ltr'><strong>pro</strong></span> <span class='ocrx_word' id='word_1_21' title='bbox 995 522 1100 580; x_wconf 82' lang='lat' dir='ltr'><strong>studio</strong></span> <span class='ocrx_word' id='word_1_22' title='bbox 1117 533 1149 578; x_wconf 85' lang='lat' dir='ltr'><strong>et</strong></span> <span class='ocrx_word' id='word_1_23' title='bbox 1161 521 1289 576; x_wconf 66' lang='lat' dir='ltr'><strong>aaron</strong></span> 
     </span>
     <span class='ocr_line' id='line_1_4' title="bbox 214 611 1289 688; baseline -0.003 -21"><span class='ocrx_word' id='word_1_24' title='bbox 214 623 320 669; x_wconf 80' lang='lat' dir='ltr'><strong>vestro</strong></span> <span class='ocrx_word' id='word_1_25' title='bbox 345 613 419 670; x_wconf 88' lang='lat' dir='ltr'><strong>mihi</strong></span> <span class='ocrx_word' id='word_1_26' title='bbox 436 614 464 684; x_wconf 83' lang='lat'><strong>¹)</strong></span> <span class='ocrx_word' id='word_1_27' title='bbox 488 616 578 672; x_wconf 87' lang='lat' dir='ltr'><strong>tribui</strong></span> <span class='ocrx_word' id='word_1_28' title='bbox 601 615 672 672; x_wconf 87' lang='lat' dir='ltr'><strong>satis</strong></span> <span class='ocrx_word' id='word_1_29' title='bbox 698 611 841 688; x_wconf 72' lang='lat' dir='ltr'><strong>agnosce.</strong></span> <span class='ocrx_word' id='word_1_30' title='bbox 883 615 1044 672; x_wconf 72' lang='lat' dir='ltr'><strong>Caeterum</strong></span> <span class='ocrx_word' id='word_1_31' title='bbox 1072 613 1201 684; x_wconf 82' lang='lat' dir='ltr'><strong>reipsa</strong></span> <span class='ocrx_word' id='word_1_32' title='bbox 1227 625 1289 666; x_wconf 79' lang='lat' dir='ltr'><strong>turn</strong></span> 
     </span>
     <span class='ocr_line' id='line_1_5' title="bbox 219 703 1289 784; baseline -0.004 -22"><span class='ocrx_word' id='word_1_33' title='bbox 219 705 346 762; x_wconf 80' lang='lat' dir='ltr'><strong>inferior</strong></span> <span class='ocrx_word' id='word_1_34' title='bbox 366 707 454 778; x_wconf 80' lang='lat' dir='ltr'><strong>longe</strong></span> <span class='ocrx_word' id='word_1_35' title='bbox 472 709 580 766; x_wconf 80' lang='lat' dir='ltr'><strong>vestris</strong></span> <span class='ocrx_word' id='word_1_36' title='bbox 605 718 637 763; x_wconf 89' lang='lat' dir='ltr'><strong>et</strong></span> <span class='ocrx_word' id='word_1_37' title='bbox 662 707 855 778; x_wconf 80' lang='lat' dir='ltr'>opinionibus</span> <span class='ocrx_word' id='word_1_38' title='bbox 879 717 909 784; x_wconf 78' lang='lat' dir='ltr'><strong>et</strong></span> <span class='ocrx_word' id='word_1_39' title='bbox 928 705 1064 778; x_wconf 82' lang='lat' dir='ltr'><strong>judiciis.</strong></span> <span class='ocrx_word' id='word_1_40' title='bbox 1099 703 1207 758; x_wconf 85' lang='lat' dir='ltr'><strong>Homo</strong></span> <span class='ocrx_word' id='word_1_41' title='bbox 1228 717 1289 758; x_wconf 77' lang='lat' dir='ltr'><strong>sum</strong></span> 
     </span>
     <span class='ocr_line' id='line_1_6' title="bbox 213 783 1291 870; baseline -0.003 -22"><span class='ocrx_word' id='word_1_42' title='bbox 213 785 376 868; x_wconf 77' lang='lat' dir='ltr'><strong>peccatur,</strong></span> <span class='ocrx_word' id='word_1_43' title='bbox 401 799 472 863; x_wconf 75' lang='lat' dir='ltr'><strong>faex</strong></span> <span class='ocrx_word' id='word_1_44' title='bbox 489 807 517 852; x_wconf 84' lang='lat' dir='ltr'><strong>et</strong></span> <span class='ocrx_word' id='word_1_45' title='bbox 534 797 564 857; x_wconf 91' lang='lat' dir='ltr'><strong>in</strong></span> <span class='ocrx_word' id='word_1_46' title='bbox 588 813 697 868; x_wconf 82' lang='lat' dir='ltr'><strong>earne,</strong></span> <span class='ocrx_word' id='word_1_47' title='bbox 720 805 754 854; x_wconf 90' lang='lat' dir='ltr'><strong>ut</strong></span> <span class='ocrx_word' id='word_1_48' title='bbox 777 797 891 856; x_wconf 77' lang='lat' dir='ltr'><strong>Paulus</strong></span> <span class='ocrx_word' id='word_1_49' title='bbox 909 812 1032 870; x_wconf 80' lang='lat' dir='ltr'><strong>quoque</strong></span> <span class='ocrx_word' id='word_1_50' title='bbox 1051 793 1218 869; x_wconf 86' lang='lat' dir='ltr'><strong>queritur,</strong></span> <span class='ocrx_word' id='word_1_51' title='bbox 1243 783 1291 863; x_wconf 69' lang='lat' dir='ltr'><strong>pu‘.</strong></span> 
     </span>
     <span class='ocr_line' id='line_1_7' title="bbox 214 884 1290 961; baseline -0.004 -17"><span class='ocrx_word' id='word_1_52' title='bbox 214 885 297 944; x_wconf 84' lang='lat' dir='ltr'><strong>sillae</strong></span> <span class='ocrx_word' id='word_1_53' title='bbox 314 887 382 942; x_wconf 79' lang='lat' dir='ltr'><strong>idei</strong></span> <span class='ocrx_word' id='word_1_54' title='bbox 403 898 436 942; x_wconf 78' lang='lat' dir='ltr'><strong>et</strong></span> <span class='ocrx_word' id='word_1_55' title='bbox 452 888 544 961; x_wconf 82' lang='lat' dir='ltr'><strong>tepidi</strong></span> <span class='ocrx_word' id='word_1_56' title='bbox 562 887 685 961; x_wconf 86' lang='lat' dir='ltr'><strong>spiritus</strong></span> <span class='ocrx_word' id='word_1_57' title='bbox 702 888 801 955; x_wconf 85' lang='lat' dir='ltr'><strong>vitae,</strong></span> <span class='ocrx_word' id='word_1_58' title='bbox 825 887 870 944; x_wconf 84' lang='lat' dir='ltr'><strong>sic</strong></span> <span class='ocrx_word' id='word_1_59' title='bbox 885 888 940 946; x_wconf 80' lang='lat' dir='ltr'><strong>rix</strong></span> <span class='ocrx_word' id='word_1_60' title='bbox 964 888 1063 958; x_wconf 76' lang='lat' dir='ltr'><strong>legem</strong></span> <span class='ocrx_word' id='word_1_61' title='bbox 1081 884 1290 942; x_wconf 76' lang='lat' dir='ltr'><strong>membrorum</strong></span> 
     </span>
     <span class='ocr_line' id='line_1_8' title="bbox 214 971 1290 1036; baseline -0.001 -5"><span class='ocrx_word' id='word_1_62' title='bbox 214 985 373 1034; x_wconf 79' lang='lat' dir='ltr'><strong>coercens.</strong></span> <span class='ocrx_word' id='word_1_63' title='bbox 408 977 503 1033; x_wconf 84' lang='lat' dir='ltr'><strong>Vellet</strong></span> <span class='ocrx_word' id='word_1_64' title='bbox 519 979 572 1036; x_wconf 84' lang='lat' dir='ltr'><strong>lex</strong></span> <span class='ocrx_word' id='word_1_65' title='bbox 588 978 651 1036; x_wconf 87' lang='lat' dir='ltr'><strong>Dei</strong></span> <span class='ocrx_word' id='word_1_66' title='bbox 677 979 708 1035; x_wconf 89' lang='lat' dir='ltr'><strong>in</strong></span> <span class='ocrx_word' id='word_1_67' title='bbox 732 971 873 1036; x_wconf 86' lang='lat' dir='ltr'><strong>interiore</strong></span> <span class='ocrx_word' id='word_1_68' title='bbox 889 977 1013 1036; x_wconf 86' lang='lat' dir='ltr'><strong>homine</strong></span> <span class='ocrx_word' id='word_1_69' title='bbox 1030 977 1138 1033; x_wconf 85' lang='lat' dir='ltr'><strong>Deum</strong></span> <span class='ocrx_word' id='word_1_70' title='bbox 1164 991 1207 1032; x_wconf 86' lang='lat' dir='ltr'><strong>ex</strong></span> <span class='ocrx_word' id='word_1_71' title='bbox 1223 975 1290 1030; x_wconf 75' lang='lat' dir='ltr'><strong>totis</strong></span> 
     </span>
     <span class='ocr_line' id='line_1_9' title="bbox 156 1067 1291 1143; baseline 0 -21"><span class='ocrx_word' id='word_1_72' title='bbox 156 1099 160 1112; x_wconf 54' lang='grc' dir='ltr'><em>ι</em></span> <span class='ocrx_word' id='word_1_73' title='bbox 213 1067 329 1124; x_wconf 84' lang='lat' dir='ltr'><strong>viribus</strong></span> <span class='ocrx_word' id='word_1_74' title='bbox 346 1085 462 1138; x_wconf 85' lang='lat' dir='ltr'><strong>amare,</strong></span> <span class='ocrx_word' id='word_1_75' title='bbox 481 1079 512 1126; x_wconf 88' lang='lat' dir='ltr'><strong>et</strong></span> <span class='ocrx_word' id='word_1_76' title='bbox 529 1070 657 1126; x_wconf 87' lang='lat' dir='ltr'><strong>amando</strong></span> <span class='ocrx_word' id='word_1_77' title='bbox 669 1070 757 1127; x_wconf 88' lang='lat' dir='ltr'><strong>mori.</strong></span> <span class='ocrx_word' id='word_1_78' title='bbox 792 1069 850 1126; x_wconf 87' lang='lat' dir='ltr'><strong>Sed</strong></span> <span class='ocrx_word' id='word_1_79' title='bbox 862 1071 913 1143; x_wconf 89' lang='lat' dir='ltr'><strong>qui</strong></span> <span class='ocrx_word' id='word_1_80' title='bbox 928 1070 1021 1134; x_wconf 74' lang='lat' dir='ltr'><strong>me2)</strong></span> <span class='ocrx_word' id='word_1_81' title='bbox 1041 1083 1083 1125; x_wconf 82' lang='lat' dir='ltr'><strong>ex</strong></span> <span class='ocrx_word' id='word_1_82' title='bbox 1101 1068 1195 1124; x_wconf 81' lang='lat' dir='ltr'><strong>tantia</strong></span> <span class='ocrx_word' id='word_1_83' title='bbox 1213 1077 1291 1123; x_wconf 83' lang='lat' dir='ltr'><strong>tene.</strong></span> 
     </span>
     <span class='ocr_line' id='line_1_10' title="bbox 211 1157 1290 1230; baseline -0.002 -16"><span class='ocrx_word' id='word_1_84' title='bbox 211 1157 275 1227; x_wconf 77' lang='lat' dir='ltr'><strong>bris</strong></span> <span class='ocrx_word' id='word_1_85' title='bbox 291 1160 411 1214; x_wconf 85' lang='lat' dir='ltr'><strong>vocavit</strong></span> <span class='ocrx_word' id='word_1_86' title='bbox 428 1160 458 1216; x_wconf 89' lang='lat' dir='ltr'><strong>in</strong></span> <span class='ocrx_word' id='word_1_87' title='bbox 476 1159 648 1216; x_wconf 79' lang='lat' dir='ltr'><strong>admirabile</strong></span> <span class='ocrx_word' id='word_1_88' title='bbox 666 1161 768 1216; x_wconf 83' lang='lat' dir='ltr'><strong>lumen</strong></span> <span class='ocrx_word' id='word_1_89' title='bbox 785 1176 894 1230; x_wconf 76' lang='lat' dir='ltr'><strong>suurn,</strong></span> <span class='ocrx_word' id='word_1_90' title='bbox 919 1169 950 1216; x_wconf 90' lang='lat' dir='ltr'><strong>et</strong></span> <span class='ocrx_word' id='word_1_91' title='bbox 972 1161 1003 1216; x_wconf 88' lang='lat' dir='ltr'><strong>in</strong></span> <span class='ocrx_word' id='word_1_92' title='bbox 1020 1157 1194 1216; x_wconf 83' lang='lat' dir='ltr'><strong>ministerio</strong></span> <span class='ocrx_word' id='word_1_93' title='bbox 1212 1167 1290 1213; x_wconf 83' lang='lat' dir='ltr'><strong>tantu</strong></span> 
     </span>
     <span class='ocr_line' id='line_1_11' title="bbox 194 1239 1290 1328; baseline -0.001 -23"><span class='ocrx_word' id='word_1_94' title='bbox 194 1239 196 1247; x_wconf 75' lang='lat'>&#39;</span> <span class='ocrx_word' id='word_1_95' title='bbox 210 1258 275 1306; x_wconf 88' lang='lat' dir='ltr'><strong>tam</strong></span> <span class='ocrx_word' id='word_1_96' title='bbox 292 1250 426 1323; x_wconf 85' lang='lat' dir='ltr'><strong>ineptum</strong></span> <span class='ocrx_word' id='word_1_97' title='bbox 444 1261 474 1309; x_wconf 82' lang='lat' dir='ltr'><strong>et</strong></span> <span class='ocrx_word' id='word_1_98' title='bbox 484 1251 607 1318; x_wconf 81' lang='lat' dir='ltr'><strong>minime</strong></span> <span class='ocrx_word' id='word_1_99' title='bbox 626 1252 768 1310; x_wconf 86' lang='lat' dir='ltr'><strong>idoneum</strong></span> <span class='ocrx_word' id='word_1_100' title='bbox 785 1253 897 1328; x_wconf 78' lang='lat' dir='ltr'><strong>posuit.</strong></span> <span class='ocrx_word' id='word_1_101' title='bbox 933 1249 1061 1310; x_wconf 80' lang='lat' dir='ltr'><strong>Gaudeo</strong></span> <span class='ocrx_word' id='word_1_102' title='bbox 1078 1260 1188 1306; x_wconf 84' lang='lat' dir='ltr'><strong>tamen</strong></span> <span class='ocrx_word' id='word_1_103' title='bbox 1200 1249 1290 1304; x_wconf 77' lang='lat' dir='ltr'><strong>velte.</strong></span> 
     </span>
     <span class='ocr_line' id='line_1_12' title="bbox 209 1340 1290 1428; baseline 0 -32"><span class='ocrx_word' id='word_1_104' title='bbox 209 1351 349 1428; x_wconf 74' lang='lat' dir='ltr'><strong>menter,</strong></span> <span class='ocrx_word' id='word_1_105' title='bbox 367 1343 516 1428; x_wconf 70' lang='lat' dir='ltr'><strong>vpbisqne</strong></span> <span class='ocrx_word' id='word_1_106' title='bbox 531 1349 642 1412; x_wconf 80' lang='lat' dir='ltr'><strong>‘magno</strong></span> <span class='ocrx_word' id='word_1_107' title='bbox 661 1343 755 1399; x_wconf 83' lang='lat' dir='ltr'><strong>corde</strong></span> <span class='ocrx_word' id='word_1_108' title='bbox 771 1344 923 1414; x_wconf 77' lang='lat' dir='ltr'><strong>gratulor:</strong></span> <span class='ocrx_word' id='word_1_109' title='bbox 951 1343 1054 1399; x_wconf 84' lang='lat' dir='ltr'><strong>Deum</strong></span> <span class='ocrx_word' id='word_1_110' title='bbox 1071 1358 1152 1398; x_wconf 84' lang='lat' dir='ltr'><strong>vero</strong></span> <span class='ocrx_word' id='word_1_111' title='bbox 1169 1340 1290 1398; x_wconf 72' lang='lat' dir='ltr'><strong>Panem</strong></span> 
     </span>
     <span class='ocr_line' id='line_1_13' title="bbox 211 1431 1290 1506; baseline -0.001 -17"><span class='ocrx_word' id='word_1_112' title='bbox 211 1433 311 1489; x_wconf 77' lang='lat' dir='ltr'><strong>omnis</strong></span> <span class='ocrx_word' id='word_1_113' title='bbox 329 1433 442 1502; x_wconf 78' lang='lat' dir='ltr'><strong>gratiae·</strong></span> <span class='ocrx_word' id='word_1_114' title='bbox 463 1439 492 1489; x_wconf 80' lang='lat' dir='ltr'><strong>et</strong></span> <span class='ocrx_word' id='word_1_115' title='bbox 508 1431 730 1491; x_wconf 70' lang='lat' dir='ltr'><strong>benedictionis</strong></span> <span class='ocrx_word' id='word_1_116' title='bbox 745 1433 896 1490; x_wconf 79' lang='lat' dir='ltr'><strong>benedico</strong></span> <span class='ocrx_word' id='word_1_117' title='bbox 919 1441 949 1490; x_wconf 86' lang='lat' dir='ltr'><strong>et</strong></span> <span class='ocrx_word' id='word_1_118' title='bbox 973 1433 1131 1504; x_wconf 80' lang='lat' dir='ltr'><strong>glorifico,</strong></span> <span class='ocrx_word' id='word_1_119' title='bbox 1157 1432 1213 1506; x_wconf 89' lang='lat' dir='ltr'><strong>qui</strong></span> <span class='ocrx_word' id='word_1_120' title='bbox 1230 1433 1290 1488; x_wconf 75' lang='lat' dir='ltr'><strong>sine</strong></span> 
     </span>
     <span class='ocr_line' id='line_1_14' title="bbox 209 1523 1285 1598; baseline 0 -20"><span class='ocrx_word' id='word_1_121' title='bbox 209 1539 267 1598; x_wconf 88' lang='lat' dir='ltr'><strong>per</strong></span> <span class='ocrx_word' id='word_1_122' title='bbox 279 1534 454 1580; x_wconf 76' lang='lat' dir='ltr'><strong>nostrornm</strong></span> <span class='ocrx_word' id='word_1_123' title='bbox 462 1565 472 1593; x_wconf 95' lang='lat'>,</span> <span class='ocrx_word' id='word_1_124' title='bbox 488 1524 555 1580; x_wconf 77' lang='lat' dir='ltr'><strong>aire</strong></span> <span class='ocrx_word' id='word_1_125' title='bbox 569 1524 697 1581; x_wconf 79' lang='lat' dir='ltr'><strong>aliorum</strong></span> <span class='ocrx_word' id='word_1_126' title='bbox 714 1525 827 1597; x_wconf 82' lang='lat' dir='ltr'><strong>scripta</strong></span> <span class='ocrx_word' id='word_1_127' title='bbox 841 1535 946 1581; x_wconf 89' lang='lat' dir='ltr'><strong>notum</strong></span> <span class='ocrx_word' id='word_1_128' title='bbox 958 1523 1047 1580; x_wconf 81' lang='lat' dir='ltr'><strong>vobis</strong></span> <span class='ocrx_word' id='word_1_129' title='bbox 1065 1523 1140 1580; x_wconf 81' lang='lat' dir='ltr'><strong>iecit</strong></span> <span class='ocrx_word' id='word_1_130' title='bbox 1160 1525 1285 1578; x_wconf 80' lang='lat' dir='ltr'><strong>salutans</strong></span> 
     </span>
     <span class='ocr_line' id='line_1_15' title="bbox 199 1611 1286 1688; baseline -0.001 -17"><span class='ocrx_word' id='word_1_131' title='bbox 199 1630 301 1679; x_wconf 27' lang='lat' dir='ltr'><strong>‘suum</strong></span> <span class='ocrx_word' id='word_1_132' title='bbox 327 1623 358 1671; x_wconf 88' lang='lat' dir='ltr'><strong>et</strong></span> <span class='ocrx_word' id='word_1_133' title='bbox 382 1615 558 1688; x_wconf 78' lang='lat' dir='ltr'><strong>mysterium</strong></span> <span class='ocrx_word' id='word_1_134' title='bbox 580 1613 645 1671; x_wconf 83' lang='lat' dir='ltr'><strong>hoe</strong></span> <span class='ocrx_word' id='word_1_135' title='bbox 671 1614 868 1672; x_wconf 72' lang='lat' dir='ltr'><strong>inenarrabile</strong></span> <span class='ocrx_word' id='word_1_136' title='bbox 893 1616 971 1672; x_wconf 86' lang='lat' dir='ltr'><strong>Jesu</strong></span> <span class='ocrx_word' id='word_1_137' title='bbox 989 1613 1127 1682; x_wconf 87' lang='lat' dir='ltr'><strong>Christi,</strong></span> <span class='ocrx_word' id='word_1_138' title='bbox 1153 1611 1208 1670; x_wconf 86' lang='lat' dir='ltr'><strong>lilii</strong></span> <span class='ocrx_word' id='word_1_139' title='bbox 1235 1615 1286 1670; x_wconf 85' lang='lat' dir='ltr'><strong>sni.</strong></span> 
     </span>
     <span class='ocr_line' id='line_1_16' title="bbox 210 1705 1283 1781; baseline 0.001 -20"><span class='ocrx_word' id='word_1_140' title='bbox 210 1705 293 1762; x_wconf 88' lang='lat' dir='ltr'><strong>Nam</strong></span> <span class='ocrx_word' id='word_1_141' title='bbox 319 1711 359 1760; x_wconf 86' lang='lat' dir='ltr'><strong>e&#39;x</strong></span> <span class='ocrx_word' id='word_1_142' title='bbox 376 1706 451 1762; x_wconf 81' lang='lat' dir='ltr'><strong>meis</strong></span> <span class='ocrx_word' id='word_1_143' title='bbox 475 1707 598 1780; x_wconf 85' lang='lat' dir='ltr'><strong>seriptis</strong></span> <span class='ocrx_word' id='word_1_144' title='bbox 624 1716 696 1778; x_wconf 85' lang='lat' dir='ltr'><strong>puto</strong></span> <span class='ocrx_word' id='word_1_145' title='bbox 723 1723 783 1762; x_wconf 92' lang='lat' dir='ltr'><strong>non</strong></span> <span class='ocrx_word' id='word_1_146' title='bbox 802 1707 894 1762; x_wconf 88' lang='lat' dir='ltr'><strong>multa</strong></span> <span class='ocrx_word' id='word_1_147' title='bbox 919 1723 977 1763; x_wconf 83' lang='lat' dir='ltr'><strong>ros</strong></span> <span class='ocrx_word' id='word_1_148' title='bbox 996 1705 1129 1778; x_wconf 84' lang='lat' dir='ltr'><strong>potuisse</strong></span> <span class='ocrx_word' id='word_1_149' title='bbox 1155 1705 1283 1781; x_wconf 81' lang='lat' dir='ltr'><strong>habere,</strong></span> 
     </span>
     <span class='ocr_line' id='line_1_17' title="bbox 207 1787 1284 1870; baseline 0.001 -19"><span class='ocrx_word' id='word_1_150' title='bbox 207 1813 280 1851; x_wconf 84' lang='lat' dir='ltr'><strong>cum</strong></span> <span class='ocrx_word' id='word_1_151' title='bbox 298 1796 402 1852; x_wconf 83' lang='lat' dir='ltr'><strong>Latine</strong></span> <span class='ocrx_word' id='word_1_152' title='bbox 416 1813 487 1853; x_wconf 84' lang='lat' dir='ltr'><strong>raro</strong></span> <span class='ocrx_word' id='word_1_153' title='bbox 506 1795 692 1870; x_wconf 84' lang='lat' dir='ltr'><strong>scripserim.</strong></span> <span class='ocrx_word' id='word_1_154' title='bbox 726 1797 797 1852; x_wconf 78' lang='lat' dir='ltr'><strong>eum</strong></span> <span class='ocrx_word' id='word_1_155' title='bbox 816 1798 914 1864; x_wconf 85' lang='lat' dir='ltr'><strong>enim,</strong></span> <span class='ocrx_word' id='word_1_156' title='bbox 933 1807 965 1852; x_wconf 90' lang='lat' dir='ltr'><strong>ut</strong></span> <span class='ocrx_word' id='word_1_157' title='bbox 983 1795 1147 1868; x_wconf 80' lang='lat' dir='ltr'><strong>proverbio</strong></span> <span class='ocrx_word' id='word_1_158' title='bbox 1181 1787 1284 1853; x_wconf 66' lang='lat' dir='ltr'><strong>nostri</strong></span> 
     </span>
     <span class='ocr_line' id='line_1_18' title="bbox 211 1881 1283 1964; baseline 0 -22"><span class='ocrx_word' id='word_1_159' title='bbox 211 1883 361 1960; x_wconf 70' lang='lat' dir='ltr'><strong>elicimus²</strong></span> <span class='ocrx_word' id='word_1_160' title='bbox 375 1887 562 1944; x_wconf 66' lang='lat' dir='ltr'><strong>Teutonicus</strong></span> <span class='ocrx_word' id='word_1_161' title='bbox 573 1889 765 1964; x_wconf 68' lang='lat' dir='ltr'><strong>praediehtor</strong></span> <span class='ocrx_word' id='word_1_162' title='bbox 781 1893 816 1943; x_wconf 82' lang='lat' dir='ltr'><strong>et&#39;</strong></span> <span class='ocrx_word' id='word_1_163' title='bbox 829 1888 983 1943; x_wconf 77' lang='lat' dir='ltr'><strong>illiteratus</strong></span> <span class='ocrx_word' id='word_1_164' title='bbox 1002 1894 1196 1960; x_wconf 82' lang='lat' dir='ltr'><strong>praeceptor.</strong></span> <span class='ocrx_word' id='word_1_165' title='bbox 1232 1881 1283 1942; x_wconf 75' lang='lat' dir='ltr'><strong>Sei</strong></span> 
     </span>
     <span class='ocr_line' id='line_1_19' title="bbox 208 1975 1283 2050; baseline 0.001 -18"><span class='ocrx_word' id='word_1_166' title='bbox 208 1978 291 2034; x_wconf 87' lang='lat' dir='ltr'><strong>unde</strong></span> <span class='ocrx_word' id='word_1_167' title='bbox 309 1977 357 2032; x_wconf 82' lang='lat' dir='ltr'><strong>rel</strong></span> <span class='ocrx_word' id='word_1_168' title='bbox 373 1979 452 2034; x_wconf 81' lang='lat' dir='ltr'><strong>unde</strong></span> <span class='ocrx_word' id='word_1_169' title='bbox 468 1977 625 2048; x_wconf 81' lang='lat' dir='ltr'><strong>babeatis,</strong></span> <span class='ocrx_word' id='word_1_170' title='bbox 652 1975 757 2050; x_wconf 77' lang='lat' dir='ltr'><strong>parum</strong></span> <span class='ocrx_word' id='word_1_171' title='bbox 781 1980 922 2034; x_wconf 85' lang='lat' dir='ltr'><strong>interest:</strong></span> <span class='ocrx_word' id='word_1_172' title='bbox 946 1995 986 2035; x_wconf 84' lang='lat' dir='ltr'><strong>ex</strong></span> <span class='ocrx_word' id='word_1_173' title='bbox 1002 1977 1074 2035; x_wconf 84' lang='lat' dir='ltr'><strong>Deo</strong></span> <span class='ocrx_word' id='word_1_174' title='bbox 1090 1977 1217 2034; x_wconf 84' lang='lat' dir='ltr'><strong>habetis</strong></span> <span class='ocrx_word' id='word_1_175' title='bbox 1234 1995 1283 2034; x_wconf 82' lang='lat' dir='ltr'><strong>nn.</strong></span> 
     </span>
    </p>
   </div>
   <div class='ocr_carea' id='block_1_3' title="bbox 91 2065 1282 2138">
    <p class='ocr_par' dir='ltr' id='par_1_3' title="bbox 91 2065 1282 2138">
     <span class='ocr_line' id='line_1_20' title="bbox 91 2065 1282 2138; baseline -0.003 -12"><span class='ocrx_word' id='word_1_176' title='bbox 91 2110 107 2126; x_wconf 77' lang='grc'><strong><em>.</em></strong></span> <span class='ocrx_word' id='word_1_177' title='bbox 205 2065 327 2124; x_wconf 76' lang='lat' dir='ltr'><strong>bissum</strong></span> <span class='ocrx_word' id='word_1_178' title='bbox 343 2070 462 2138; x_wconf 88' lang='lat' dir='ltr'><strong>omnia,</strong></span> <span class='ocrx_word' id='word_1_179' title='bbox 488 2077 517 2124; x_wconf 82' lang='lat' dir='ltr'><strong>et</strong></span> <span class='ocrx_word' id='word_1_180' title='bbox 534 2069 608 2125; x_wconf 85' lang='lat' dir='ltr'><strong>estis</strong></span> <span class='ocrx_word' id='word_1_181' title='bbox 626 2067 720 2134; x_wconf 62' lang='lat' dir='ltr'><strong>mei)</strong></span> <span class='ocrx_word' id='word_1_182' title='bbox 742 2069 842 2125; x_wconf 88' lang='lat' dir='ltr'><strong>multo</strong></span> <span class='ocrx_word' id='word_1_183' title='bbox 859 2066 1022 2136; x_wconf 77' lang='lat' dir='ltr'><strong>meliores,</strong></span> <span class='ocrx_word' id='word_1_184' title='bbox 1046 2069 1120 2125; x_wconf 87' lang='lat' dir='ltr'><strong>Deo</strong></span> <span class='ocrx_word' id='word_1_185' title='bbox 1145 2069 1240 2138; x_wconf 79' lang='lat' dir='ltr'><strong>gratia</strong></span> <span class='ocrx_word' id='word_1_186' title='bbox 1256 2077 1282 2124; x_wconf 86' lang='lat' dir='ltr'><strong>et</strong></span> 
     </span>
    </p>
   </div>
   <div class='ocr_carea' id='block_1_4' title="bbox 130 2150 1324 3594">
    <p class='ocr_par' dir='ltr' id='par_1_4' title="bbox 130 2150 1324 3594">
     <span class='ocr_line' id='line_1_21' title="bbox 208 2150 1324 2236; baseline 0.004 -24"><span class='ocrx_word' id='word_1_187' title='bbox 208 2158 324 2229; x_wconf 77' lang='lat' dir='ltr'><strong>gloria,</strong></span> <span class='ocrx_word' id='word_1_188' title='bbox 348 2160 458 2214; x_wconf 78' lang='lat' dir='ltr'><strong>Amen.</strong></span> <span class='ocrx_word' id='word_1_189' title='bbox 494 2158 597 2236; x_wconf 78' lang='lat' dir='ltr'><strong>Quare</strong></span> <span class='ocrx_word' id='word_1_190' title='bbox 614 2161 726 2216; x_wconf 82' lang='lat' dir='ltr'><strong>factum</strong></span> <span class='ocrx_word' id='word_1_191' title='bbox 750 2168 813 2225; x_wconf 85' lang='lat' dir='ltr'><strong>est,</strong></span> <span class='ocrx_word' id='word_1_192' title='bbox 830 2150 872 2215; x_wconf 60' lang='lat' dir='ltr'><strong>‘nt</strong></span> <span class='ocrx_word' id='word_1_193' title='bbox 889 2175 982 2231; x_wconf 85' lang='lat' dir='ltr'><strong>paene</strong></span> <span class='ocrx_word' id='word_1_194' title='bbox 999 2159 1184 2215; x_wconf 79' lang='lat' dir='ltr'><strong>abstinerem</strong></span> <span class='ocrx_word' id='word_1_195' title='bbox 1208 2154 1283 2214; x_wconf 76' lang='lat' dir='ltr'><strong>a&#39;re.</strong></span> <span class='ocrx_word' id='word_1_196' title='bbox 1323 2193 1324 2216; x_wconf 65' lang='lat'>3</span> 
     </span>
     <span class='ocr_line' id='line_1_22' title="bbox 208 2243 1283 2324; baseline -0.002 -17"><span class='ocrx_word' id='word_1_197' title='bbox 208 2250 407 2324; x_wconf 77' lang='lat' dir='ltr'><strong>spondendo,</strong></span> <span class='ocrx_word' id='word_1_198' title='bbox 423 2264 495 2306; x_wconf 83' lang='lat' dir='ltr'><strong>eum</strong></span> <span class='ocrx_word' id='word_1_199' title='bbox 512 2250 587 2306; x_wconf 89' lang='lat' dir='ltr'><strong>nihil</strong></span> <span class='ocrx_word' id='word_1_200' title='bbox 605 2252 740 2306; x_wconf 86' lang='lat' dir='ltr'><strong>viderem</strong></span> <span class='ocrx_word' id='word_1_201' title='bbox 758 2251 895 2322; x_wconf 73' lang='lat' dir='ltr'><strong>dignn1n3</strong></span> <span class='ocrx_word' id='word_1_202' title='bbox 919 2251 1002 2324; x_wconf 88' lang='lat' dir='ltr'><strong>qnod</strong></span> <span class='ocrx_word' id='word_1_203' title='bbox 1019 2243 1283 2323; x_wconf 64' lang='lat' dir='ltr'><strong>responderent)</strong></span> 
     </span>
     <span class='ocr_line' id='line_1_23' title="bbox 205 2335 1282 2414; baseline -0.001 -18"><span class='ocrx_word' id='word_1_204' title='bbox 205 2339 282 2409; x_wconf 74' lang='lat' dir='ltr'><strong>illle,</strong></span> <span class='ocrx_word' id='word_1_205' title='bbox 308 2337 563 2414; x_wconf 74' lang='lat' dir='ltr'><strong>quos··Dbminus</strong></span> <span class='ocrx_word' id='word_1_206' title='bbox 587 2351 666 2398; x_wconf 87' lang='lat' dir='ltr'><strong>tanta</strong></span> <span class='ocrx_word' id='word_1_207' title='bbox 691 2335 904 2412; x_wconf 48' lang='lat' dir='ltr'><strong>dignatione&amp;</strong></span> <span class='ocrx_word' id='word_1_208' title='bbox 932 2341 1057 2414; x_wconf 79' lang='lat' dir='ltr'><strong>Spiritus</strong></span> <span class='ocrx_word' id='word_1_209' title='bbox 1084 2341 1132 2397; x_wconf 90' lang='lat' dir='ltr'><strong>sui</strong></span> <span class='ocrx_word' id='word_1_210' title='bbox 1160 2358 1282 2414; x_wconf 81' lang='lat' dir='ltr'><strong>praeve.</strong></span> 
     </span>
     <span class='ocr_line' id='line_1_24' title="bbox 208 2429 1281 2508; baseline 0.001 -21"><span class='ocrx_word' id='word_1_211' title='bbox 208 2432 317 2488; x_wconf 77' lang='lat' dir='ltr'><strong>nisset.</strong></span> <span class='ocrx_word' id='word_1_212' title='bbox 349 2431 433 2508; x_wconf 76' lang='lat' dir='ltr'><strong>Quid</strong></span> <span class='ocrx_word' id='word_1_213' title='bbox 457 2434 537 2488; x_wconf 84' lang='lat' dir='ltr'><strong>enim</strong></span> <span class='ocrx_word' id='word_1_214' title='bbox 552 2433 641 2489; x_wconf 81' lang='lat' dir='ltr'><strong>vobis</strong></span> <span class='ocrx_word' id='word_1_215' title='bbox 659 2451 714 2506; x_wconf 83' lang='lat' dir='ltr'><strong>per</strong></span> <span class='ocrx_word' id='word_1_216' title='bbox 730 2429 887 2489; x_wconf 72' lang='lat' dir='ltr'><strong>Christum</strong></span> <span class='ocrx_word' id='word_1_217' title='bbox 904 2432 990 2490; x_wconf 86' lang='lat' dir='ltr'><strong>deest</strong></span> <span class='ocrx_word' id='word_1_218' title='bbox 1010 2429 1177 2506; x_wconf 83' lang='lat' dir='ltr'><strong>spiritualis</strong></span> <span class='ocrx_word' id='word_1_219' title='bbox 1195 2432 1281 2501; x_wconf 82' lang='lat' dir='ltr'><strong>boni,</strong></span> 
     </span>
     <span class='ocr_line' id='line_1_25' title="bbox 206 2519 1283 2597; baseline 0.003 -21"><span class='ocrx_word' id='word_1_220' title='bbox 206 2521 263 2596; x_wconf 86' lang='lat' dir='ltr'><strong>qui</strong></span> <span class='ocrx_word' id='word_1_221' title='bbox 277 2519 453 2590; x_wconf 73' lang='lat' dir='ltr'><strong>Christum,</strong></span> <span class='ocrx_word' id='word_1_222' title='bbox 465 2521 564 2578; x_wconf 76' lang='lat' dir='ltr'><strong>iillum</strong></span> <span class='ocrx_word' id='word_1_223' title='bbox 582 2521 661 2589; x_wconf 87' lang='lat' dir='ltr'><strong>Dei,</strong></span> <span class='ocrx_word' id='word_1_224' title='bbox 678 2522 864 2592; x_wconf 75' lang='lat' dir='ltr'><strong>cognoscitis</strong></span> <span class='ocrx_word' id='word_1_225' title='bbox 890 2535 921 2578; x_wconf 81' lang='lat' dir='ltr'><strong>et</strong></span> <span class='ocrx_word' id='word_1_226' title='bbox 937 2519 1141 2596; x_wconf 77' lang='lat' dir='ltr'><strong>confitemini,</strong></span> <span class='ocrx_word' id='word_1_227' title='bbox 1171 2525 1222 2597; x_wconf 87' lang='lat' dir='ltr'><strong>qui</strong></span> <span class='ocrx_word' id='word_1_228' title='bbox 1240 2523 1283 2579; x_wconf 77' lang='lat' dir='ltr'><strong>sis</strong></span> 
     </span>
     <span class='ocr_line' id='line_1_26' title="bbox 160 2605 1283 2688; baseline 0.003 -21"><span class='ocrx_word' id='word_1_229' title='bbox 160 2609 167 2618; x_wconf 88' lang='grc'><em>“</em></span> <span class='ocrx_word' id='word_1_230' title='bbox 205 2611 348 2668; x_wconf 78' lang='lat' dir='ltr'><strong>ardenter</strong></span> <span class='ocrx_word' id='word_1_231' title='bbox 364 2613 483 2670; x_wconf 82' lang='lat' dir='ltr'><strong>esuritis</strong></span> <span class='ocrx_word' id='word_1_232' title='bbox 501 2624 532 2670; x_wconf 88' lang='lat' dir='ltr'><strong>et</strong></span> <span class='ocrx_word' id='word_1_233' title='bbox 549 2612 636 2670; x_wconf 87' lang='lat' dir='ltr'><strong>sititis</strong></span> <span class='ocrx_word' id='word_1_234' title='bbox 651 2615 815 2686; x_wconf 88' lang='lat' dir='ltr'><strong>justitiam,</strong></span> <span class='ocrx_word' id='word_1_235' title='bbox 830 2606 856 2681; x_wconf 87' lang='lat'><strong>⁶)</strong></span> <span class='ocrx_word' id='word_1_236' title='bbox 874 2613 925 2688; x_wconf 88' lang='lat' dir='ltr'><strong>qui</strong></span> <span class='ocrx_word' id='word_1_237' title='bbox 944 2615 990 2670; x_wconf 87' lang='lat' dir='ltr'><strong>sic</strong></span> <span class='ocrx_word' id='word_1_238' title='bbox 1006 2613 1093 2670; x_wconf 88' lang='lat' dir='ltr'><strong>beate</strong></span> <span class='ocrx_word' id='word_1_239' title='bbox 1111 2605 1140 2679; x_wconf 77' lang='grc'><strong>7)</strong></span> <span class='ocrx_word' id='word_1_240' title='bbox 1159 2625 1283 2688; x_wconf 86' lang='lat' dir='ltr'><strong>propter</strong></span> 
     </span>
     <span class='ocr_line' id='line_1_27' title="bbox 206 2687 1282 2780; baseline 0.001 -19"><span class='ocrx_word' id='word_1_241' title='bbox 206 2701 366 2761; x_wconf 73' lang='lat' dir='ltr'><strong>Christum</strong></span> <span class='ocrx_word' id='word_1_242' title='bbox 390 2705 480 2759; x_wconf 87' lang='lat' dir='ltr'><strong>etiam</strong></span> <span class='ocrx_word' id='word_1_243' title='bbox 497 2706 726 2775; x_wconf 75' lang='lat' dir='ltr'><strong>persecutiones</strong></span> <span class='ocrx_word' id='word_1_244' title='bbox 744 2687 892 2776; x_wconf 75' lang='lat' dir='ltr'><strong>pbtimini,</strong></span> <span class='ocrx_word' id='word_1_245' title='bbox 919 2706 970 2777; x_wconf 89' lang='lat' dir='ltr'><strong>qni</strong></span> <span class='ocrx_word' id='word_1_246' title='bbox 990 2702 1034 2761; x_wconf 82' lang='lat' dir='ltr'><strong>sic&#39;</strong></span> <span class='ocrx_word' id='word_1_247' title='bbox 1052 2706 1191 2780; x_wconf 79' lang='lat' dir='ltr'><strong>perfecto</strong></span> <span class='ocrx_word' id='word_1_248' title='bbox 1212 2707 1282 2762; x_wconf 80' lang='lat' dir='ltr'><strong>odio</strong></span> 
     </span>
     <span class='ocr_line' id='line_1_28' title="bbox 206 2787 1282 2871; baseline 0.002 -21"><span class='ocrx_word' id='word_1_249' title='bbox 206 2793 327 2854; x_wconf 80' lang='lat' dir='ltr'><strong>habetis</strong></span> <span class='ocrx_word' id='word_1_250' title='bbox 353 2796 492 2858; x_wconf 86' lang='lat' dir='ltr'><strong>inimicos</strong></span> <span class='ocrx_word' id='word_1_251' title='bbox 511 2794 624 2851; x_wconf 85' lang='lat' dir='ltr'><strong>Christi</strong></span> <span class='ocrx_word' id='word_1_252' title='bbox 650 2805 681 2850; x_wconf 85' lang='lat' dir='ltr'><strong>et</strong></span> <span class='ocrx_word' id='word_1_253' title='bbox 704 2794 945 2850; x_wconf 80' lang='lat' dir='ltr'><strong>Antichristum?</strong></span> <span class='ocrx_word' id='word_1_254' title='bbox 979 2795 1059 2871; x_wconf 80' lang='lat' dir='ltr'><strong>Quis</strong></span> <span class='ocrx_word' id='word_1_255' title='bbox 1084 2787 1125 2852; x_wconf 79' lang='lat' dir='ltr'><strong>ex</strong></span> <span class='ocrx_word' id='word_1_256' title='bbox 1143 2797 1236 2852; x_wconf 82' lang='lat' dir='ltr'><strong>nobis</strong></span> <span class='ocrx_word' id='word_1_257' title='bbox 1252 2791 1282 2862; x_wconf 62' lang='grc' dir='ltr'><strong>Β)</strong></span> 
     </span>
     <span class='ocr_line' id='line_1_29' title="bbox 208 2879 1284 2960; baseline 0.002 -17"><span class='ocrx_word' id='word_1_258' title='bbox 208 2901 336 2959; x_wconf 80' lang='lat' dir='ltr'><strong>sperare</strong></span> <span class='ocrx_word' id='word_1_259' title='bbox 347 2887 461 2960; x_wconf 87' lang='lat' dir='ltr'><strong>potuit,</strong></span> <span class='ocrx_word' id='word_1_260' title='bbox 478 2885 546 2941; x_wconf 88' lang='lat' dir='ltr'><strong>talia</strong></span> <span class='ocrx_word' id='word_1_261' title='bbox 562 2884 611 2941; x_wconf 88' lang='lat' dir='ltr'><strong>vel</strong></span> <span class='ocrx_word' id='word_1_262' title='bbox 625 2883 792 2941; x_wconf 84' lang='lat' dir='ltr'><strong>viventibus</strong></span> <span class='ocrx_word' id='word_1_263' title='bbox 805 2879 930 2952; x_wconf 79' lang='lat' dir='ltr'><strong>nobis⁸)</strong></span> <span class='ocrx_word' id='word_1_264' title='bbox 949 2887 978 2942; x_wconf 92' lang='lat' dir='ltr'><strong>in</strong></span> <span class='ocrx_word' id='word_1_265' title='bbox 1003 2887 1065 2960; x_wconf 87' lang='lat' dir='ltr'><strong>ipsa</strong></span> <span class='ocrx_word' id='word_1_266' title='bbox 1077 2885 1158 2943; x_wconf 81' lang='lat' dir='ltr'><strong>italia</strong></span> <span class='ocrx_word' id='word_1_267' title='bbox 1173 2889 1236 2944; x_wconf 86' lang='lat' dir='ltr'><strong>lieri</strong></span> <span class='ocrx_word' id='word_1_268' title='bbox 1255 2895 1284 2945; x_wconf 85' lang='lat' dir='ltr'><strong>et</strong></span> 
     </span>
     <span class='ocr_line' id='line_1_30' title="bbox 211 2975 1283 3057; baseline -0.002 -23"><span class='ocrx_word' id='word_1_269' title='bbox 211 2978 333 3048; x_wconf 72' lang='lat' dir='ltr'><strong>vigere,</strong></span> <span class='ocrx_word' id='word_1_270' title='bbox 354 2977 404 3031; x_wconf 83' lang='lat' dir='ltr'><strong>vel</strong></span> <span class='ocrx_word' id='word_1_271' title='bbox 421 2977 521 3057; x_wconf 63' lang='lat' dir='ltr'><strong>futura</strong></span> <span class='ocrx_word' id='word_1_272' title='bbox 546 2991 614 3032; x_wconf 85' lang='lat' dir='ltr'><strong>esse</strong></span> <span class='ocrx_word' id='word_1_273' title='bbox 632 2975 790 3048; x_wconf 83' lang='lat' dir='ltr'><strong>aliqnando</strong></span> <span class='ocrx_word' id='word_1_274' title='bbox 816 2976 845 3030; x_wconf 89' lang='lat' dir='ltr'><strong>in</strong></span> <span class='ocrx_word' id='word_1_275' title='bbox 869 2975 942 3048; x_wconf 85' lang='lat' dir='ltr'><strong>ipsis</strong></span> <span class='ocrx_word' id='word_1_276' title='bbox 965 2975 1071 3032; x_wconf 83' lang='lat' dir='ltr'><strong>linibus</strong></span> <span class='ocrx_word' id='word_1_277' title='bbox 1095 2980 1181 3048; x_wconf 81' lang='lat' dir='ltr'><strong>regni</strong></span> <span class='ocrx_word' id='word_1_278' title='bbox 1200 2979 1283 3034; x_wconf 82' lang='lat' dir='ltr'><strong>Anti.</strong></span> 
     </span>
     <span class='ocr_line' id='line_1_31' title="bbox 208 3054 1281 3142; baseline 0.003 -20"><span class='ocrx_word' id='word_1_279' title='bbox 208 3054 336 3136; x_wconf 75' lang='lat' dir='ltr'><strong>ehrmt,&#39;</strong></span> <span class='ocrx_word' id='word_1_280' title='bbox 357 3067 407 3142; x_wconf 91' lang='lat' dir='ltr'><strong>qui</strong></span> <span class='ocrx_word' id='word_1_281' title='bbox 432 3083 490 3122; x_wconf 85' lang='lat' dir='ltr'><strong>nos</strong></span> <span class='ocrx_word' id='word_1_282' title='bbox 507 3059 538 3133; x_wconf 73' lang='lat'><strong>⁹)</strong></span> <span class='ocrx_word' id='word_1_283' title='bbox 559 3071 653 3123; x_wconf 84' lang='lat' dir='ltr'><strong>extra&#39;</strong></span> <span class='ocrx_word' id='word_1_284' title='bbox 670 3065 744 3122; x_wconf 85' lang='lat' dir='ltr'><strong>lines</strong></span> <span class='ocrx_word' id='word_1_285' title='bbox 762 3061 864 3121; x_wconf 87' lang='lat' dir='ltr'><strong>mundi</strong></span> <span class='ocrx_word' id='word_1_286' title='bbox 882 3069 997 3139; x_wconf 86' lang='lat' dir='ltr'><strong>positos</strong></span> <span class='ocrx_word' id='word_1_287' title='bbox 1022 3061 1100 3124; x_wconf 84' lang='lat' dir='ltr'><strong>ie&#39;rre</strong></span> <span class='ocrx_word' id='word_1_288' title='bbox 1121 3069 1231 3126; x_wconf 83' lang='lat' dir='ltr'><strong>abluit.</strong></span> <span class='ocrx_word' id='word_1_289' title='bbox 1248 3070 1281 3138; x_wconf 64' lang='grc' dir='ltr'><strong>θ)</strong></span> 
     </span>
     <span class='ocr_line' id='line_1_32' title="bbox 207 3155 1281 3234; baseline -0.004 -16"><span class='ocrx_word' id='word_1_290' title='bbox 207 3159 267 3218; x_wconf 71' lang='lat' dir='ltr'><strong>Sed</strong></span> <span class='ocrx_word' id='word_1_291' title='bbox 282 3159 332 3216; x_wconf 85' lang='lat' dir='ltr'><strong>his</strong></span> <span class='ocrx_word' id='word_1_292' title='bbox 357 3157 505 3231; x_wconf 84' lang='lat' dir='ltr'><strong>exemplis</strong></span> <span class='ocrx_word' id='word_1_293' title='bbox 522 3171 580 3214; x_wconf 85' lang='lat' dir='ltr'><strong>noe</strong></span> <span class='ocrx_word' id='word_1_294' title='bbox 597 3157 708 3226; x_wconf 75' lang='lat' dir='ltr'><strong>(locet,</strong></span> <span class='ocrx_word' id='word_1_295' title='bbox 733 3156 784 3230; x_wconf 86' lang='lat' dir='ltr'><strong>qui</strong></span> <span class='ocrx_word' id='word_1_296' title='bbox 802 3155 892 3229; x_wconf 88' lang='lat' dir='ltr'><strong>jubet</strong></span> <span class='ocrx_word' id='word_1_297' title='bbox 908 3174 964 3214; x_wconf 89' lang='lat' dir='ltr'><strong>nos</strong></span> <span class='ocrx_word' id='word_1_298' title='bbox 981 3157 1018 3224; x_wconf 87' lang='lat'><strong>¹¹)</strong></span> <span class='ocrx_word' id='word_1_299' title='bbox 1042 3173 1166 3232; x_wconf 84' lang='lat' dir='ltr'><strong>sperare</strong></span> <span class='ocrx_word' id='word_1_300' title='bbox 1186 3173 1216 3216; x_wconf 87' lang='lat' dir='ltr'><strong>et</strong></span> <span class='ocrx_word' id='word_1_301' title='bbox 1234 3179 1281 3234; x_wconf 80' lang='lat' dir='ltr'><strong>pe.</strong></span> 
     </span>
     <span class='ocr_line' id='line_1_33' title="bbox 207 3249 1280 3326; baseline 0.003 -20"><span class='ocrx_word' id='word_1_302' title='bbox 207 3251 272 3306; x_wconf 73' lang='lat' dir='ltr'><strong>tere</strong></span> <span class='ocrx_word' id='word_1_303' title='bbox 282 3289 292 3320; x_wconf 93' lang='lat'>‚</span> <span class='ocrx_word' id='word_1_304' title='bbox 317 3251 387 3326; x_wconf 87' lang='lat' dir='ltr'><strong>qnia</strong></span> <span class='ocrx_word' id='word_1_305' title='bbox 403 3250 440 3314; x_wconf 82' lang='lat'><strong>¹²)</strong></span> <span class='ocrx_word' id='word_1_306' title='bbox 458 3259 566 3320; x_wconf 83' lang='lat' dir='ltr'><strong>potens</strong></span> <span class='ocrx_word' id='word_1_307' title='bbox 585 3257 629 3304; x_wconf 83' lang='lat' dir='ltr'><strong>est</strong></span> <span class='ocrx_word' id='word_1_308' title='bbox 646 3249 747 3304; x_wconf 77' lang='lat' dir='ltr'><strong>iacere</strong></span> <span class='ocrx_word' id='word_1_309' title='bbox 764 3264 854 3321; x_wconf 86' lang='lat' dir='ltr'><strong>snpra</strong></span> <span class='ocrx_word' id='word_1_310' title='bbox 873 3265 963 3322; x_wconf 87' lang='lat' dir='ltr'><strong>quam</strong></span> <span class='ocrx_word' id='word_1_311' title='bbox 980 3249 1108 3322; x_wconf 83' lang='lat' dir='ltr'><strong>petimus</strong></span> <span class='ocrx_word' id='word_1_312' title='bbox 1127 3262 1159 3307; x_wconf 85' lang='lat' dir='ltr'><strong>et</strong></span> <span class='ocrx_word' id='word_1_313' title='bbox 1177 3252 1280 3310; x_wconf 82' lang='lat' dir='ltr'><strong>intelli-</strong></span> 
     </span>
     <span class='ocr_line' id='line_1_34' title="bbox 210 3338 1277 3414; baseline 0 -16"><span class='ocrx_word' id='word_1_314' title='bbox 210 3339 324 3412; x_wconf 58' lang='lat' dir='ltr'><strong>aimus,</strong></span> <span class='ocrx_word' id='word_1_315' title='bbox 351 3339 433 3396; x_wconf 85' lang='lat' dir='ltr'><strong>haud</strong></span> <span class='ocrx_word' id='word_1_316' title='bbox 460 3338 550 3395; x_wconf 84' lang='lat' dir='ltr'><strong>dubie</strong></span> <span class='ocrx_word' id='word_1_317' title='bbox 576 3339 768 3411; x_wconf 81' lang='lat' dir='ltr'><strong>perfecturus</strong></span> <span class='ocrx_word' id='word_1_318' title='bbox 795 3353 885 3394; x_wconf 88' lang='lat' dir='ltr'><strong>suum</strong></span> <span class='ocrx_word' id='word_1_319' title='bbox 913 3355 1008 3411; x_wconf 84' lang='lat' dir='ltr'><strong>opus,</strong></span> <span class='ocrx_word' id='word_1_320' title='bbox 1039 3343 1122 3413; x_wconf 86' lang='lat' dir='ltr'><strong>qnod</strong></span> <span class='ocrx_word' id='word_1_321' title='bbox 1148 3341 1277 3414; x_wconf 84' lang='lat' dir='ltr'><strong>incepit,</strong></span> 
     </span>
     <span class='ocr_line' id='line_1_35' title="bbox 130 3424 1280 3505; baseline 0.004 -20"><span class='ocrx_word' id='word_1_322' title='bbox 130 3489 132 3498; x_wconf 28' lang='lat'><strong>¹</strong></span> <span class='ocrx_word' id='word_1_323' title='bbox 210 3448 309 3505; x_wconf 86' lang='lat' dir='ltr'><strong>nsque</strong></span> <span class='ocrx_word' id='word_1_324' title='bbox 328 3430 357 3486; x_wconf 90' lang='lat' dir='ltr'><strong>in</strong></span> <span class='ocrx_word' id='word_1_325' title='bbox 374 3431 482 3497; x_wconf 85' lang='lat' dir='ltr'><strong>inem,</strong></span> <span class='ocrx_word' id='word_1_326' title='bbox 500 3429 535 3486; x_wconf 86' lang='lat' dir='ltr'><strong>ad</strong></span> <span class='ocrx_word' id='word_1_327' title='bbox 552 3429 678 3499; x_wconf 72' lang='lat' dir='ltr'><strong>gloriam</strong></span> <span class='ocrx_word' id='word_1_328' title='bbox 696 3445 780 3484; x_wconf 84' lang='lat' dir='ltr'><strong>suam</strong></span> <span class='ocrx_word' id='word_1_329' title='bbox 802 3437 830 3484; x_wconf 89' lang='lat' dir='ltr'><strong>et</strong></span> <span class='ocrx_word' id='word_1_330' title='bbox 846 3429 973 3485; x_wconf 81' lang='lat' dir='ltr'><strong>salutem</strong></span> <span class='ocrx_word' id='word_1_331' title='bbox 991 3441 1134 3486; x_wconf 84' lang='lat' dir='ltr'><strong>nostram.</strong></span> <span class='ocrx_word' id='word_1_332' title='bbox 1169 3424 1280 3490; x_wconf 74' lang='lat' dir='ltr'><strong>Verum&#39;</strong></span> 
     </span>
     <span class='ocr_line' id='line_1_36' title="bbox 209 3515 1277 3594; baseline 0.003 -17"><span class='ocrx_word' id='word_1_333' title='bbox 209 3533 249 3584; x_wconf 78' lang='lat' dir='ltr'><strong>ne</strong></span> <span class='ocrx_word' id='word_1_334' title='bbox 275 3523 410 3578; x_wconf 83' lang='lat' dir='ltr'><strong>fallerem</strong></span> <span class='ocrx_word' id='word_1_335' title='bbox 432 3529 519 3594; x_wconf 77' lang='lat' dir='ltr'><strong>spem</strong></span> <span class='ocrx_word' id='word_1_336' title='bbox 537 3529 669 3576; x_wconf 84' lang='lat' dir='ltr'><strong>vestram</strong></span> <span class='ocrx_word' id='word_1_337' title='bbox 695 3527 726 3574; x_wconf 83' lang='lat' dir='ltr'><strong>et</strong></span> <span class='ocrx_word' id='word_1_338' title='bbox 743 3517 961 3575; x_wconf 85' lang='lat' dir='ltr'><strong>contristarem·</strong></span> <span class='ocrx_word' id='word_1_339' title='bbox 971 3515 1108 3593; x_wconf 81' lang='lat' dir='ltr'><strong>spiritum</strong></span> <span class='ocrx_word' id='word_1_340' title='bbox 1125 3533 1277 3594; x_wconf 82' lang='lat' dir='ltr'><strong>vestrum,</strong></span> 
     </span>
    </p>
   </div>
   <div class='ocr_carea' id='block_1_5' title="bbox 210 3758 1279 4047">
    <p class='ocr_par' dir='ltr' id='par_1_5' title="bbox 210 3758 1279 4047">
     <span class='ocr_line' id='line_1_37' title="bbox 262 3758 1279 3826; baseline 0.01 -20"><span class='ocrx_word' id='word_1_341' title='bbox 262 3759 286 3806; x_wconf 78' lang='lat' dir='ltr'><strong>ll</strong></span> <span class='ocrx_word' id='word_1_342' title='bbox 299 3759 355 3806; x_wconf 79' lang='lat' dir='ltr'><strong>stt.</strong></span> <span class='ocrx_word' id='word_1_343' title='bbox 368 3758 469 3817; x_wconf 69' lang='lat' dir='ltr'><strong>indigno</strong></span> <span class='ocrx_word' id='word_1_344' title='bbox 482 3759 550 3807; x_wconf 86' lang='lat' dir='ltr'><strong>mlhl.</strong></span> <span class='ocrx_word' id='word_1_345' title='bbox 599 3761 622 3816; x_wconf 87' lang='grc'><strong>2)</strong></span> <span class='ocrx_word' id='word_1_346' title='bbox 634 3759 699 3809; x_wconf 80' lang='lat' dir='ltr'><strong>Faex</strong></span> <span class='ocrx_word' id='word_1_347' title='bbox 711 3785 737 3797; x_wconf 97' lang='lat'><em>-</em></span> <span class='ocrx_word' id='word_1_348' title='bbox 748 3763 812 3812; x_wconf 83' lang='lat' dir='ltr'><strong>nori</strong></span> <span class='ocrx_word' id='word_1_349' title='bbox 825 3762 878 3818; x_wconf 72' lang='lat' dir='ltr'><strong>nint</strong></span> <span class='ocrx_word' id='word_1_350' title='bbox 891 3765 946 3812; x_wconf 78' lang='lat' dir='ltr'><strong>Str.</strong></span> <span class='ocrx_word' id='word_1_351' title='bbox 961 3767 1006 3814; x_wconf 82' lang='lat' dir='ltr'><strong>ant</strong></span> <span class='ocrx_word' id='word_1_352' title='bbox 1019 3769 1066 3814; x_wconf 79' lang='lat' dir='ltr'><strong>unt</strong></span> <span class='ocrx_word' id='word_1_353' title='bbox 1081 3765 1140 3815; x_wconf 84' lang='lat' dir='ltr'><strong>ttrlt</strong></span> <span class='ocrx_word' id='word_1_354' title='bbox 1152 3770 1196 3815; x_wconf 79' lang='lat' dir='ltr'><strong>ted</strong></span> <span class='ocrx_word' id='word_1_355' title='bbox 1209 3782 1279 3826; x_wconf 71' lang='lat' dir='ltr'><strong>qne·</strong></span> 
     </span>
     <span class='ocr_line' id='line_1_38' title="bbox 212 3825 1276 3897; baseline 0.007 -15"><span class='ocrx_word' id='word_1_356' title='bbox 212 3832 287 3882; x_wconf 70' lang='lat' dir='ltr'><strong>neus.</strong></span> <span class='ocrx_word' id='word_1_357' title='bbox 323 3835 346 3885; x_wconf 87' lang='lat' dir='ltr'><strong>n</strong></span> <span class='ocrx_word' id='word_1_358' title='bbox 360 3831 596 3886; x_wconf 59' lang='lat' dir='ltr'><strong>&amp;neumaiam</strong></span> <span class='ocrx_word' id='word_1_359' title='bbox 632 3825 890 3894; x_wconf 56' lang='lat' dir='ltr'><strong>asarenam!</strong></span> <span class='ocrx_word' id='word_1_360' title='bbox 912 3833 1144 3897; x_wconf 64' lang='lat' dir='ltr'><strong>attaminare</strong></span> <span class='ocrx_word' id='word_1_361' title='bbox 1183 3843 1276 3894; x_wconf 78' lang='lat' dir='ltr'><strong>nea.</strong></span> 
     </span>
     <span class='ocr_line' id='line_1_39' title="bbox 212 3904 1274 3972; baseline 0.014 -18"><span class='ocrx_word' id='word_1_362' title='bbox 212 3904 346 3956; x_wconf 72' lang='lat' dir='ltr'><strong>tristitiam.</strong></span> <span class='ocrx_word' id='word_1_363' title='bbox 386 3909 479 3960; x_wconf 80' lang='lat' dir='ltr'><strong>nstr.</strong></span> <span class='ocrx_word' id='word_1_364' title='bbox 494 3907 569 3956; x_wconf 77' lang='lat' dir='ltr'><strong>teall.</strong></span> <span class='ocrx_word' id='word_1_365' title='bbox 609 3911 634 3958; x_wconf 77' lang='lat' dir='ltr'><strong>s)</strong></span> <span class='ocrx_word' id='word_1_366' title='bbox 648 3911 862 3963; x_wconf 64' lang='lat' dir='ltr'><strong>snutrein.</strong></span> <span class='ocrx_word' id='word_1_367' title='bbox 904 3915 1022 3966; x_wconf 70' lang='lat' dir='ltr'><strong>numa</strong></span> <span class='ocrx_word' id='word_1_368' title='bbox 1034 3915 1133 3968; x_wconf 70' lang='lat' dir='ltr'><strong>svor.</strong></span> <span class='ocrx_word' id='word_1_369' title='bbox 1169 3917 1274 3972; x_wconf 57' lang='lat'>1⁰16&amp;</span> 
     </span>
     <span class='ocr_line' id='line_1_40' title="bbox 210 3979 1124 4047; baseline 0.011 -19"><span class='ocrx_word' id='word_1_370' title='bbox 210 3979 300 4030; x_wconf 82' lang='lat' dir='ltr'><strong>velint.</strong></span> <span class='ocrx_word' id='word_1_371' title='bbox 349 3983 451 4038; x_wconf 66' lang='lat' dir='ltr'><strong>lustr.</strong></span> <span class='ocrx_word' id='word_1_372' title='bbox 466 3981 585 4042; x_wconf 79' lang='lat' dir='ltr'><strong>exemplis</strong></span> <span class='ocrx_word' id='word_1_373' title='bbox 598 3994 694 4042; x_wconf 76' lang='lat' dir='ltr'><strong>qnoque</strong></span> <span class='ocrx_word' id='word_1_374' title='bbox 703 3985 775 4038; x_wconf 82' lang='lat' dir='ltr'><strong>lubet</strong></span> <span class='ocrx_word' id='word_1_375' title='bbox 787 3997 845 4033; x_wconf 76' lang='lat' dir='ltr'><strong>vos.</strong></span> <span class='ocrx_word' id='word_1_376' title='bbox 894 3989 928 4040; x_wconf 72' lang='grc'><strong>13)</strong></span> <span class='ocrx_word' id='word_1_377' title='bbox 941 3987 1083 4047; x_wconf 62' lang='lat' dir='ltr'><strong>&amp;lumin</strong></span> <span class='ocrx_word' id='word_1_378' title='bbox 1121 4017 1124 4024; x_wconf 86' lang='lat'>·</span> 
     </span>
    </p>
   </div>
   <div class='ocr_carea' id='block_1_6' title="bbox 0 0 1330 4512">
    <p class='ocr_par' dir='ltr' id='par_1_6' title="bbox 0 0 1330 4512">
     <span class='ocr_line' id='line_1_41' title="bbox 0 0 1330 4512; baseline 0 2"><span class='ocrx_word' id='word_1_379' title='bbox 0 0 1330 4512; x_wconf 95' lang='lat' dir='ltr'><strong> </strong></span> 
     </span>
    </p>
   </div>
  </div>
 </body>
</html>
