2718 4508
535 295 647 369 rste.
1047 295 1109 367 ter

53 454 178 514 contulit
200 457 334 515 omnium
350 458 535 528 sententias,
559 469 590 515 et
606 457 642 514 de
659 466 720 514 tota
738 457 871 520 doctrina
892 467 1033 516 accurate
1050 458 1111 522 dis·
1144 447 1148 462 '

53 549 156 604 seruis
189 546 323 620 Etonia
347 561 431 605 reete
454 549 588 621 intelligit
610 551 777 606 doctrinam
801 549 959 619 Ecclesiae
979 549 1111 618 Christi,

54 651 82 696 et
107 639 294 710 amplectitur
318 657 423 711 puram
445 639 599 710 Evangelii
628 643 820 710 sententiam,
852 655 944 712 ,quam
972 639 1114 697 Ecclesia
1160 629 1166 656 ¹

52 743 231 784 nostrumne
247 729 352 803 spiritu
376 743 403 785 et
418 746 476 784 una
494 745 570 784 voce
588 745 657 785 com
680 730 826 784 catholica
844 730 983 785 Ecclesia
1001 729 1114 784 Christi

40 820 225 893 profitetur:
238 819 342 889 jussus
358 831 405 876 est
423 821 508 876 etiam
526 823 603 892 apud
620 837 669 878 me
686 821 861 882 concionari
875 821 944 889 hic,
970 833 1000 875 et
1017 820 1115 890 speci.

52 925 121 965 men
133 925 204 964 auae
221 909 397 982 eruditionis
414 911 520 978 edidit,
538 922 568 965 et
581 913 651 966 satis
664 911 743 965 clare
761 921 885 984 testatus
903 922 964 979 est,
978 925 1016 968 se
1034 911 1114 965 idem

53 1001 180 1068 sentire,
198 1000 280 1072 quod
299 1011 398 1054 nostra
410 999 549 1070 Ecclesia
566 1000 731 1073 profitetur.
766 1001 842 1056 Cum
860 1001 948 1070 igitur
959 1001 1114 1056 illustriss.

52 1087 201 1162 Princeps
220 1089 359 1162 sapientia
385 1103 413 1146 et
427 1092 539 1146 virtute
559 1075 729 1164 praestatis,
753 1091 831 1146 Dux
848 1089 1113 1162 Megelburgensis
1189 1110 1208 1158 ,·

54 1177 217 1247 Henrtcus,
235 1193 377 1234 vocasset
390 1179 472 1233 hunc
484 1180 646 1234 Henricttm
659 1181 867 1259 Sclrmedste‘dt
881 1181 910 1234 in
922 1181 1117 1235 Academiam

51 1267 285 1327 Rcatocbianam
302 1271 338 1324 ad
350 1271 513 1325 docendam
525 1270 704 1344 theologiam
715 1311 726 1338 ,,
745 1281 775 1325 et
792 1271 964 1342 petivisset,
986 1281 1016 1324 ut
1033 1269 1116 1325 testi.

52 1363 187 1418 monium
204 1374 343 1416 nostrum
356 1362 495 1425 ,afferrem
520 1362 613 1432 gavisi
631 1377 735 1416 sumus
745 1401 755 1429 ,
772 1361 924 1417 Illustriss.
942 1359 1117 1433 Principem

51 1449 351 1506 Ducem‘lienricum
369 1467 492 1518 curare,
510 1459 543 1503 ut
555 1449 704 1506 Ecclesiis
722 1439 913 1517 ccitsulatur,
933 1459 961 1505 et
978 1450 1117 1507 salutaris

54 1541 189 1596 doctrina
202 1527 404 1602 conservetur
416 1557 451 1595 ac
463 1553 653 1612 propagetur.
688 1538 767 1594 Nam
780 1541 918 1612 profecto
934 1540 1009 1594 haec
1020 1541 1118 1614 prima
1135 1543 1138 1553 “

54 1648 126 1686 eura
144 1631 278 1687 omnium
296 1631 531 1700 gubernatorum
548 1645 614 1685 esse
631 1629 735 1698 debet,
757 1621 923 1702 ut‘populis
941 1645 1041 1686 veram
1053 1631 1117 1688 Del

53 1725 185 1778 notitiam
202 1721 389 1794 impertiant,
408 1731 437 1780 et
455 1721 603 1776 illustrent
619 1719 741 1792 gloriam
760 1719 825 1786 Filii
843 1721 973 1776 suiJesu
987 1720 1120 1777 Christis

54 1813 133 1868 sicut
149 1822 252 1867 mouet
268 1827 333 1866 vox
356 1809 481 1866 Psalmi:
508 1811 550 1865 In
567 1811 777 1866 convertendo
791 1811 929 1884 populos
948 1811 983 1865 in
1000 1827 1117 1882 unum,
1197 1817 1205 1836 ‘

55 1913 84 1958 et
100 1903 226 1977 Reges,
252 1908 288 1956 ut
303 1901 448 1958 serviant
463 1901 616 1956 Domino.
650 1899 690 1956 Et
709 1903 849 1976 quoniam
871 1890 974 1958 lucres
991 1901 1118 1963 Heurici

11 1984 14 1994 ⁴
55 1991 266 2048 Schmedstedt
283 2007 319 2046 ac
331 1991 534 2048 eruditionem
551 1987 732 2062 probamus,
758 2007 826 2044 cum
844 2001 887 2046 tot
904 2007 998 2048 annos
1014 1992 1122 2060 nobis.

55 2100 125 2138 eum
143 2081 290 2150 vixisset,
307 2099 342 2136 ac
359 2069 479 2154 publice
496 2080 667 2148 docuisset,
687 2091 716 2136 et
728 2082 923 2155 polliceretur
941 2083 969 2138 in
982 2083 1119 2152 doctrina

54 2174 101 2246 pia
125 2173 216 2228 fidem
241 2183 270 2228 et
293 2170 502 2227 constantiam:
527 2171 656 2226 libenter
678 2171 706 2226 ei
731 2173 936 2227 testimonium
961 2151 1116 2243 dedimus,

54 2265 136 2338 quod
162 2275 195 2318 ut
219 2273 302 2317 esset
327 2260 497 2334 publicum,
523 2276 608 2314 more
632 2261 739 2316 usitato
765 2261 958 2330 scholarum,
986 2263 1117 2334 judicic,

56 2351 202 2426 suffragiis
229 2363 260 2408 et
275 2351 489 2428 approbatione
508 2349 633 2420 Collegii
651 2351 743 2407 nostri
760 2361 829 2426 post
853 2353 1000 2425 publicam
1018 2352 1121 2426 dispd.

54 2447 196 2502 tationem
214 2443 354 2498 decretus
378 2453 425 2498 est
442 2439 525 2512 Ma'g.
543 2441 675 2497 ilenrico
698 2441 905 2498 Schmedstedt
927 2445 1033 2514 gradus
1049 2441 1119 2501 Do.

56 2547 192 2594 ctoratus
209 2531 380 2603 theologici.
413 2535 460 2587 Ac
475 2531 585 2587 ‘Deum
606 2543 783 2604 precantur,
810 2545 843 2588 ut
869 2536 963 2588 studia
980 2527 1046 2605 ssus
1064 2553 1120 2607 gu.

54 2629 182 2697 bernet,
208 2623 514 2696 commendamusque
539 2625 625 2679 etiam
646 2625 799 2681 illustriss.
817 2626 1022 2696 Principibus,
1049 2627 1119 2684 Du.

55 2721 139 2775 cibus
161 2715 481 2788 Megclburgettsibus,
506 2715 588 2769 hunc
606 2716 774 2771 Doctorem
791 2713 960 2771 Henrictun'
978 2737 1012 2791 ac
1032 2736 1119 2788 roga.

48 2819 195 2880 ,mussat
213 2795 373 2862 bebeeutn
391 2813 538 2860 tueantur.
572 2803 653 2859 Utile
679 2805 758 2859 enim
784 2816 830 2862 est
844 2805 1002 2882 Ecclesiae
1020 2799 1119 2888 et‘so.
1171 2793 1172 2802 ἵ

56 2899 154 2956 cietati
173 2897 325 2952 communi
334 2907 357 2964 ,s
370 2894 526 2949 autoritate
543 2891 718 2966 Principum
734 2895 795 2966 tegi
820 2911 853 2949 ac
870 2893 1000 2968 adjuvari
1018 2898 1118 2955 bonos

54 2991 222 3048 Doctores.
255 2987 349 3060 quue
374 2983 503 3042 officium
520 2984 591 3040 Dec
608 2997 724 3055 gratum
747 2999 815 3040 esse
834 2987 943 3042 multae
967 2971 1118 3044 coelestes

6 3083 10 3146 Ϊ
56 3081 221 3138 sententiae
239 3089 267 3133 et
285 3077 422 3150 exempta
439 3085 594 3142 testantur.
629 3074 729 3149 Quam
748 3075 928 3134 luculentam
945 3081 1119 3148 mercedem

6 3169 23 3232 ’,
55 3171 144 3248 Deus
170 3168 317 3244 promittit
333 3183 408 3224 vero
426 3165 454 3232 ¹)
475 3163 608 3237 Principi
634 3162 856 3234 Abdemelech'‚
883 3167 934 3239 qut
950 3167 1118 3226 Jeremiam

55 3264 88 3320 iu‘
111 3263 211 3319 lacum
235 3259 385 3330 abjectum
403 3255 527 3312 retraxit
548 3262 580 3310 et
603 3255 755 3310 servarit·
775 3255 937 3314 Hortamur
961 3268 998 3330 οι,
1016 3259 1121 3330 ipsum

55 3335 228 3420 Dobtorem
251 3349 440 3414 Hosticum,
460 3356 495 3400 ut
518 3344 663 3400 annitatur
684 3345 877 3400 concordiam
888 3345 1118 3414 'Rostochiarraa
1138 3363 1140 3368 ’

55 3443 214 3502 Ecclesiae
225 3449 255 3498 et
267 3439 443 3496 Academiae
455 3452 526 3492 cum
536 3444 639 3490 nostra
646 3435 740 3504 (pieri.
752 3434 779 3500 ²)
812 3436 950 3492 Maxime
961 3435 986 3507 ³)
1005 3433 1116 3514 quippe

56 3534 217 3608 optandum
241 3541 308 3604 est,
337 3540 369 3584 ut
393 3525 590 3592 Academiae,
621 3523 732 3596 quibus
760 3523 920 3582 doctrinae*
939 3527 1114 3598 gubernatio
1178 3578 1181 3586 .

56 3624 263 3688 commendata
280 3629 324 3676 est
334 3659 344 3688 ,
361 3633 423 3674 imo
442 3616 547 3690 spiritu
565 3626 594 3670 et
612 3615 671 3669 una‘
686 3631 761 3671 voce
780 3631 849 3670 cunt
868 3615 988 3688 Angelis
1008 3630 1114 3677 canant

56 3753 587 3788 W

106 3851 128 3901 ti
146 3847 207 3898 edi.
224 3843 289 3890 viro.
338 3843 369 3894 2),
379 3841 405 3902 ς,
415 3841 442 3888 G.
462 3840 478 3894 †
498 3839 557 3888 tiata
570 3851 703 3888 cousensus
716 3837 741 3885 itt
757 3851 817 3888 vera
829 3840 941 3890 doctrina
954 3847 981 3892 et
991 3843 1045 3892 Deo
1058 3857 1113 3904 grae

19 3961 20 3970 ,
57 3917 164 3970 tissimus
183 3925 234 3978 est,
257 3922 283 3966 et
305 3916 410 3966 maxime
428 3913 540 3966 ultimis
556 3913 675 3976 humanae
693 3913 816 3964 societati.
874 3917 898 3972 3)
923 3915 948 3965 c.
963 3919 989 3967 G.
1007 3923 1113 3986 maxime

57 4000 104 4047 uas
117 3995 206 4055 quippe
218 3991 374 4048 ceratitim.

62 4113 65 4122 .
138 4075 212 4156 stt.
228 4069 282 4139 V..
867 4071 906 4138 st
985 4083 988 4092 “
