2672 4518
228 235 312 328 ιιι
514 331 518 344 Χ
561 283 573 304 ·
715 266 805 336 uss.

228 419 420 492 dispensatio.
460 409 554 477 Nunc
579 419 705 486 suadere
731 437 793 478 non
821 417 1300 494 poenitentemne&
1328 419 1332 426 '

227 509 350 584 publice
365 522 396 566 et
410 511 494 570 velut
510 512 585 586 lege
594 512 743 568 sanciatur
754 513 929 585 permissio,
947 514 1065 608 plures,
1083 527 1173 584 quam
1187 501 1298 576 unum,
1332 573 1334 576 ¹

226 615 341 656 uxores
366 601 522 658 ducendi.-
536 603 565 657 Si
591 597 699 675 aliquid
716 602 773 658 has
798 604 833 658 de
851 621 884 658 te
908 581 1007 676 praelo
1032 594 1299 674 committentem

177 733 184 750 .
225 691 313 746 iuoile
330 691 462 763 intelligit
479 691 586 747 Vestra
604 691 704 760 Cels,
726 693 753 750 ltl
772 697 922 778 praecepti
944 693 1037 748 instar
1053 692 1245 775 intellectum
1264 697 1301 746 ὀι
1333 733 1334 736 ι

227 791 415 853 acceptatum
432 781 485 850 iri,
507 781 586 837 unde
604 781 697 838 multe
712 782 853 838 scandale
876 792 906 837 et
924 781 1111 838 difficultates
1127 781 1298 836 οιίιειιιιιι

227 869 454 941 Gorrsideret,
441 867 639 952 queesumtts,
655 871 735 928 Cels.
753 871 883 943 Vestra,
895 870 985 945 quem
1001 872 1122 928 sinistre
1141 867 1303 943 accipent

227 971 292 1028 tur,
314 964 341 1020 si
365 965 431 1038 quis
454 964 687 1020 convinceretur
707 963 786 1020 hane
809 962 936 1033 legem
928 981 959 1020 ιιι
984 961 1179 1021 Germaniam
1199 962 1301 1018 insto.

228 1053 369 1122 duxisse,
394 1071 471 1127 quae
490 1063 677 1112 aeternarum
701 1054 797 1109 litittm
820 1058 858 1110 et
874 1053 1114 1128 inquietudinum
1133 1053 1238 1127 (quod
1262 1051 1301 1108 ti.
1317 1072 1322 1085 ·

228 1143 387 1210 mendum)
404 1145 503 1200 futuri
519 1155 600 1201 esset
618 1143 818 1200 seminarium.

294 1281 388 1358 Quod
412 1283 525 1357 opponi
544 1263 665 1357 potest,
688 1283 770 1356 quod
792 1299 896 1340 eorem
922 1283 1150 1356 Demaenetum
1174 1292 1244 1353 est,
1270 1282 1301 1338 id

229 1376 352 1431 omnino
379 1373 627 1446 permittendum,
653 1371 715 1428 lroc
741 1383 823 1428 certa
847 1375 960 1434 ratione
988 1383 1019 1428 et
1043 1373 1221 1429 conditione
1252 1383 1301 1430 est

229 1464 446 1536 accipiendum.
480 1463 509 1518 Si
526 1479 577 1519 res
593 1473 649 1525 ¹est
664 1462 797 1519 mandate
815 1463 862 1519 vel
887 1465 1074 1533 necessarie,
1097 1480 1206 1518 verum
1233 1473 1298 1532 eet,

228 1553 311 1629 quod
333 1553 489 1625 objicitur:
513 1554 539 1610 si
564 1571 622 1610 neo
638 1553 772 1610 mundata
789 1571 848 1610 neo
870 1555 1041 1611 necessaria
1058 1555 1116 1623 sit,
1139 1555 1215 1610 alias
1240 1555 1299 1612 oin

228 1647 421 1702 oumstantiss
434 1653 554 1718 oportet
571 1644 753 1717 expendere.
784 1643 826 1702 Ut
838 1645 872 1699 ad
886 1643 1070 1716 propositam
1083 1646 1298 1718 quaestione·

227 1735 352 1809 propius
375 1735 567 1791 accedamus:
593 1733 681 1790 Deus
704 1723 928 1792 matrimonium
953 1734 1096 1807 instituit,
1122 1746 1156 1793 ut
1176 1747 1299 1793 tentum

228 1827 355 1884 duarum
377 1834 408 1880 et
424 1841 485 1882 nou
501 1823 630 1896 plurium
647 1839 846 1897 personarum
871 1835 953 1880 esset
972 1825 1118 1895 societas,
1145 1825 1171 1883 si
1189 1837 1297 1881 netur-e
1332 1851 1334 1860 ·

226 1932 291 1972 non
307 1901 392 1971 estet·
404 1911 558 1987 coirupta:
575 1913 636 1969 hoc
652 1914 780 1970 intendit
795 1914 844 1969 ille
861 1915 1020 1972 sententie:
1044 1915 1161 1976 urion
1177 1917 1246 1972 duro
1262 1915 1297 1972 itt

228 2005 329 2062 carne
346 2019 430 2072 uno,
455 2004 544 2075 idque
562 2003 700 2076 primitus
718 2003 771 2060 luit
788 2003 993 2084 obseruatum.
1026 2005 1084 2062 Sed
1101 2005 1245 2062 Lemeclt
1266 2006 1297 2061 itt
1333 2059 1334 2062 ,

228 2093 450 2152 matrimonium
468 2093 664 2164 pluralitatem
682 2107 815 2148 uxorum
831 2093 963 2163 invexit,
977 2095 1071 2169 ¹‹putrd
1087 2097 1125 2150 de
1145 2095 1197 2152 illo
1216 2093 1297 2152 Setis·

228 2179 495 2257 pture'momorut,
513 2194 651 2256 tanquam
670 2183 871 2240 introductum
886 2197 991 2240 contra
1008 2187 1133 2263 primam
1150 2188 1294 2258 regulum.

228 2275 317 2346 Apud
335 2273 467 2330 infideles
486 2285 582 2353 tamen
602 2273 656 2329 luit
673 2273 891 2330 consuetudine
912 2288 1082 2348 receptum:
1106 2287 1216 2349 postes
1232 2277 1295 2340 Ab.

228 2365 334 2424 raham
351 2380 473 2437 quoque
491 2374 529 2429 et
552 2364 618 2436 ejus
637 2364 749 2436 posteri
768 2364 868 2438 plures
887 2366 1039 2424 duxerunt
1062 2383 1188 2424 uxores.
1223 2367 1297 2424 Cer.
1332 2415 1334 2424 ,

228 2468 295 2510 tum
311 2459 374 2522 est,
391 2451 454 2508 hoo
470 2453 662 2526 postmodum
680 2453 744 2524 lege
762 2453 863 2510 Musis
881 2458 1061 2526 permissum
1079 2458 1193 2529 fuisse,
1217 2469 1294 2516 teste

229 2543 377 2618 Scriptura
401 2543 493 2599 Deut.
518 2543 620 2612 xxi,
646 2552 679 2597 ut
702 2544 797 2598 homo
821 2542 947 2613 heberet
972 2546 1044 2601 duas
1068 2563 1198 2606 uxores:
1226 2563 1294 2606 nam

228 2633 319 2690 Deus
343 2633 437 2720 fragili
454 2642 573 2688 naturae
598 2631 709 2705 aliquid
731 2633 862 2690 indulsit.
897 2633 975 2690 Cum
996 2653 1072 2691 vero
1094 2638 1247 2712 principio
1266 2647 1301 2705 et¹

230 2723 370 2780 creationi
387 2731 632 2778 consentaneum
656 2724 713 2788 sit,
738 2723 825 2778 unica
848 2739 946 2780 uxore
971 2737 1150 2784 contentum
1174 2731 1294 2800 vivere,

229 2813 403 2886 hujusmodi
422 2811 473 2867 lex
490 2823 536 2874 est
552 2810 726 2881 laudabilis,
751 2823 781 2868 et
797 2813 834 2867 ab
850 2813 991 2871 Ecclesia
1012 2819 1215 2888 acceptanda,
1238 2835 1294 2878 nec

229 2907 282 2961 lex
298 2904 370 2960 huic
386 2901 537 2958 contraria
552 2903 715 2962 statuenda.
748 2901 829 2958 Num
847 2904 987 2962 Christus
1006 2907 1114 2980 repetit
1129 2909 1209 2966 hanc
1228 2928 1294 2968 seu.

229 2994 368 3054 tenuem:
381 2992 496 3048 Erunt
507 2989 569 3047 duo
586 2990 622 3046 in
637 3007 738 3046 carne
756 3007 823 3046 una
840 2991 954 3050 Matth.
967 2993 1067 3066 XIX„
1086 3009 1116 3054 et
1134 2998 1164 3054 in
1180 2973 1293 3070 mimo·

229 3086 303 3148 rium
320 3081 814 3156 revocet,quele1netrimmrinm
839 3093 905 3138 ante
923 3081 1085 3142 humanam
1108 3089 1293 3160 fragilitatem

231 3181 299 3232 eise
316 3173 481 3230 debuisset.
514 3170 612 3226 Certis
635 3181 733 3227 tamen
751 3171 870 3226 casibus
892 3174 980 3230 locus
1004 3187 1051 3232 est
1069 3177 1291 3252 dispensationi·

230 3265 349 3339 Siquis
372 3264 450 3337 apud
475 3271 593 3321 exteras
612 3259 746 3318 nationes
763 3261 894 3333 captivus
919 3264 955 3318 ed
973 3273 1075 3322 'curam
1101 3275 1241 3342 corporis
1264 3279 1291 3328 et

230 3351 459 3433 sanitatemsibi
476 3353 595 3407 alteram
614 3365 741 3406 uxorem
759 3352 988 3424 superduceret,
1009 3357 1056 3412 vel
1076 3360 1100 3414 si
1119 3364 1188 3432 quis
1204 3363 1290 3423 habe.

231 3459 279 3504 ret
302 3446 470 3518 leprosum:
498 3440 545 3498 his
567 3439 689 3516 ensibus
714 3441 835 3496 alteram
859 3443 970 3500 ducere
995 3463 1067 3502 cum
1092 3453 1225 3510 oonsilio
1250 3455 1291 3510 sui

231 3535 382 3603 Pastoris,
406 3548 469 3591 non
493 3530 655 3587 intentione
681 3547 791 3586 novam
816 3533 914 3602 legem
936 3534 1116 3609 inducendi,
1143 3545 1198 3600 sed
1224 3562 1291 3615 suat¹

232 3625 403 3684 necessitati
428 3620 622 3690 consulendi,
649 3620 732 3676 huno
755 3624 908 3680 nescimus
933 3639 992 3698 qua
1016 3630 1133 3689 ratione
1157 3621 1290 3708 damnine

233 3715 350 3772 liceret.

268 3839 378 3902 clun
401 3839 490 3910 igitur
513 3838 590 3894 eliud
606 3841 663 3910 sit,
686 3840 828 3898 inducere
845 3841 960 3913 legem,
986 3845 1064 3903 aliud
1084 3850 1125 3905 uti
1143 3852 1291 3926 dispensa·

131 3967 139 3990 .
190 4014 195 4024 ι
235 3933 335 3998 rienes
350 3930 545 4008 ριιιιιιιιιιιιι
563 3927 701 3988 lustrum
718 3930 798 3988 Cels.
807 3934 1077 4008 ,sequentievelit
1094 3943 1291 4007 considerares
