2638 4498
272 239 334 312 6³6
436 203 438 210 ¹
661 309 667 330 ,
756 236 848 313 tstt.
879 177 881 182 Ι

271 417 349 474 quae
374 399 496 458 suntin
522 415 628 461 eorum
653 401 791 459 historias
818 419 872 472 per
897 400 1006 473 impios
1028 397 1148 458 Diaboli
1171 399 1281 457 ministrat

269 491 429 548 seminata:
448 499 565 562 tamen,
581 509 650 547 cum
662 503 784 548 venturu
797 487 890 548 estid
909 479 1083 560 agonem'et
1098 491 1281 556 consessiones

173 575 176 580 ’
269 582 426 650 videmus,
444 599 532 656 quam
548 599 621 654 pure
635 593 664 639 et
676 593 849 638 constanter
861 582 948 636 iidem
960 596 1044 636 suam
1058 591 1207 636 testentur.
1233 581 1281 654 Qud

268 671 367 744 potuit
384 671 565 741 Ambrosius
583 673 673 743 magis
694 673 741 745 pic
764 683 794 728 et
816 671 921 728 fortius
944 672 1062 740 dicere,
1088 685 1155 726 cum
1173 673 1204 742 p'n
1224 687 1280 740 apost

267 776 327 816 suo
343 762 508 824 novissimo
525 774 631 818 contra
649 773 825 836 peccatum,
852 775 1003 826 mortem,
1029 762 1100 818 iram
1115 761 1178 818 Dei
1192 771 1217 815 et
1229 761 1281 815 inlu

266 867 341 908 num
358 849 437 906 banc
454 868 563 908 vocem
581 853 834 910 confidentissime
846 853 934 908 edidit
945 853 981 906 sd
993 852 1211 908 circumstantes
1221 866 1278 905 stae

267 941 369 998 dotes:
404 939 478 1002 Non
491 943 536 998 sic
549 943 630 1014 vixi,
648 954 682 1000 ut
699 959 747 998 me
764 944 872 1016 pudeat
889 943 1037 998 intervos
1048 943 1164 998 virere:
1179 940 1279 996 necati

267 1029 380 1100 timeo,
399 1031 468 1106 quia
485 1031 599 1088 bonum
617 1031 784 1090 Dominum
801 1031 962 1089 habemus:
987 1047 1076 1103 quam
1092 1046 1196 1085 vocem
1211 1028 1276 1084 &Aa

268 1121 448 1190 gostinus'in
467 1137 524 1178 suo
542 1139 665 1194 quoque
683 1139 777 1192 agone
794 1121 917 1176 mirifica
934 1120 1168 1188 commendavit,
1183 1129 1213 1174 ut
1225 1119 1277 1176 mn

221 1269 227 1284 ,
266 1209 467 1271 Possidonius
485 1211 515 1268 in
532 1214 597 1283 ejus
614 1213 746 1283 legenda.
781 1211 822 1268 Et
842 1213 904 1284 ipse
921 1227 1044 1284 quoque
1061 1211 1228 1280 Augustinus
1239 1223 1276 1264 tre

205 1297 209 1302 ’
266 1299 423 1360 hac'voce
447 1303 491 1358 sui
516 1303 608 1374 ipsius
631 1303 781 1358 solabatur
807 1315 909 1358 contra
934 1301 1146 1358 conscientiam
1171 1302 1276 1373 (quaen

266 1393 374 1448 mortis
393 1393 601 1451 saevissimum
620 1392 848 1466 ministerium:
869 1390 1049 1463 'l'urbabor‚
1066 1391 1177 1463 inquit,
1192 1388 1274 1444 sedon

266 1481 481 1554 perturbabor‚
507 1484 576 1556 quia
601 1481 762 1538 vulnerum
785 1483 910 1537 Domini
936 1481 1130 1537 recordabor.
1161 1465 1227 1554 Quis
1242 1494 1273 1532 aa

238 1553 246 1570 ⁶
266 1571 367 1641 videt,
392 1572 598 1629 sanctissimos
622 1573 705 1629 viros
729 1572 835 1626 talibus
852 1569 952 1627 verbis
970 1572 1072 1626 testari
1089 1571 1175 1626 fidem
1190 1569 1213 1624 in
1226 1567 1273 1622 tls

267 1671 367 1728 stum,
383 1664 492 1718 nudam
510 1664 628 1736 quidem
646 1674 675 1718 et
691 1663 802 1732 solam,
820 1664 872 1718 sed
886 1661 1000 1718 firmam
1012 1675 1043 1718 et
1054 1662 1203 1718 victricem
1212 1657 1271 1714 nord

156 1799 161 1810 .
268 1766 299 1810 et
316 1744 452 1828 peccati?
486 1751 564 1810 Nam
589 1755 644 1809 etsi
670 1755 759 1809 vitam
781 1763 809 1809 et
826 1769 917 1826 opera
934 1769 987 1807 sua
1000 1753 1138 1824 judicent
1152 1747 1272 1807 connis

265 1845 397 1904 minibus
417 1845 687 1918 irreprehensibilia
705 1861 773 1900 esse
791 1845 885 1908 (sicut
902 1843 988 1899 decet
1005 1854 1036 1899 et
1053 1845 1197 1916 oportet),
1216 1853 1270 1895 tunt

265 1950 369 1992 soram
387 1922 456 1990 Deo
474 1935 604 1990 nituntur
620 1935 684 1990 sola
702 1933 905 1990 misericordia
923 1945 952 1988 et
970 1933 1101 1989 bonitate
1126 1933 1200 2002 ejus,
1219 1927 1270 1985 unit

264 2025 399 2094 meritis,
416 2036 444 2079 at
462 2025 490 2081 in
508 2025 682 2080 vulneribus
699 2025 827 2096 Christi,
847 2026 926 2080 sicut
942 2023 1080 2080 columba
1099 2023 1146 2079 illa
1162 2025 1186 2078 in
1200 2017 1269 2076 lotn'

265 2115 353 2171 nibus
372 2127 469 2186 petrae
488 2118 586 2190 (petra
600 2123 698 2170 autem
711 2111 757 2171 ast
769 2113 934 2182 Christus),
952 2111 1054 2170 volunt
1066 2111 1193 2169 inveniri.
1217 2109 1269 2166 litt!

265 2207 366 2279 itaque
384 2216 414 2262 ct
431 2205 542 2280 utiliter
559 2207 704 2274 facimus,
722 2205 746 2261 si
765 2208 943 2263 Sanctorum
961 2206 1038 2260 dicta
1058 2216 1088 2261 et
1105 2206 1175 2259 tacta
1189 2200 1266 2275 pn'un

264 2311 281 2350 a
298 2297 460 2354 mendaciis
479 2295 580 2352 alienis
599 2283 778 2370 purgemus,
805 2295 912 2352 deinde
937 2295 1063 2352 verbum
1087 2305 1167 2350 recte
1183 2299 1267 2348 stom

264 2387 425 2458 prudenter
449 2386 484 2440 ad
514 2387 644 2458 regulam
671 2403 726 2442 seu
752 2387 915 2457 analogiam
939 2385 1007 2442 fidei
1035 2385 1208 2458 probemus,
1224 2379 1266 2433 tid

264 2475 355 2535 docet
373 2475 555 2550 Apostolus:
584 2478 702 2536 Omnia
716 2475 872 2579 probate3
894 2477 981 2552 quod
995 2474 1114 2532 honum
1129 2482 1185 2546 est,
1205 2475 1266 2526 tout

265 2561 335 2644 Qua
351 2565 551 2622 admonitione
569 2567 638 2638 quid
657 2582 733 2638 opus
751 2565 823 2631 tuit,
848 2565 872 2625 si
895 2567 1072 2622 Sanctorum
1097 2566 1169 2620 dicta
1188 2573 1211 2616 et
1226 2561 1266 2614 tna

251 2655 363 2712 .omnia
385 2654 451 2742 sine
471 2654 588 2727 judicio
612 2672 668 2728 pro
694 2655 824 2711 articulis
849 2654 916 2712 fidei
941 2667 1042 2712 essent
1062 2653 1207 2710 habenda?
1228 2647 1267 2704 lltl

262 2745 318 2802 l'uit
335 2761 441 2802 eorum
459 2745 578 2802 vocatio
596 2745 726 2818 aequalis
743 2745 962 2818 Apostolorum
985 2757 1016 2801 et
1031 2745 1279 2818 Prophetarum

263 2836 383 2892 cationi.
429 2835 527 2893 Sancti
557 2836 695 2904 fuerunt,
724 2835 777 2890 sed
805 2835 965 2900 homines,
995 2845 1025 2892 et
1051 2851 1175 2908 quorum
1195 2823 1279 2904 spii!

262 2935 401 3000 promtus
421 2926 584 2999 patiebatur
601 2943 721 2980 carnem
740 2943 800 2980 non
817 2927 910 2982 modo
928 2925 1090 2996 infirmam,
1108 2926 1157 2982 sed
1172 2932 1278 2996 etrttlt·4

262 3025 397 3074 nantem.
428 3015 488 3073 Ubi
513 3015 585 3087 erg'o
607 3017 713 3088 spiritu
731 3016 899 3072 dominante
918 3016 1083 3088 loquuntur
1100 3026 1129 3071 et
1144 3003 1278 3086 opernm

247 3117 331 3175 „sunt
342 3121 448 3170 eorum
462 3105 554 3162 verba
566 3115 596 3161 et
609 3123 701 3178 opera
720 3105 883 3176 colligendo
897 3122 952 3161 ceu
966 3106 1127 3177 fragmenta
1140 3097 1263 3170 evangelico

261 3207 296 3254 ut
313 3180 560 3269 quae'nomtnus
582 3193 722 3254 Christus
746 3195 776 3250 in
801 3195 844 3249 eis
871 3187 1012 3266 operatus
1036 3195 1092 3265 sit,
1118 3205 1146 3250 et
1165 3185 1262 3248 seresii

262 3285 373 3342 Christi
391 3286 482 3358 ipsius
501 3301 610 3357 opera:
638 3284 689 3340 ubi
714 3299 788 3338 vero
812 3301 901 3340 carne
925 3287 1097 3340 adversante
1113 3279 1263 3357 loquuntur

184 3429 186 3434 .
262 3388 440 3450 operantur,
467 3375 621 3432 damnandi
646 3391 716 3429 sane
744 3392 803 3432 non
822 3387 911 3444 sunt,
935 3375 988 3432 sed
1007 3375 1162 3432 excusanda
1177 3370 1213 3425 rel
1224 3365 1277 3420 ult·

261 3467 345 3524 randi
357 3483 411 3540 pro
423 3478 524 3522 nostru
536 3465 702 3521 certissima
717 3466 922 3548 consolatione
936 3467 1028 3537 ,quia
1045 3467 1174 3521 videmus
1186 3461 1261 3513 santos

261 3555 323 3614 Dei
349 3551 435 3612 nobis
461 3555 585 3612 infirmis
609 3555 723 3611 similes
749 3553 858 3624 fuisse,
884 3567 912 3609 et
929 3571 1013 3612 suam
1031 3557 1259 3640 u'nurnquetutpttl¹

262 3654 353 3702 carne
372 3647 424 3702 ista
441 3647 556 3718 peccati
573 3645 794 3701 circumtulisse
812 3644 1022 3704 infirmitatem.
1056 3647 1116 3704 Hac
1131 3656 1204 3700 causa
1216 3629 1260 3690 rdd

261 3745 346 3790 natam
364 3735 489 3801 librum,
515 3739 554 3792 mi
573 3735 734 3808 Spalatine,
763 3736 915 3826 invulgati.
953 3737 1012 3793 Sed
1028 3747 1061 3793 tu
1079 3737 1199 3802 deinceps
1211 3723 1259 3782 obt

261 3824 398 3882 laudibus
422 3826 498 3882 meis
520 3839 580 3882 tarn
602 3827 760 3900 grandibus
786 3829 952 3896 (dicerem,
974 3828 1031 3884 nisi
1055 3838 1131 3884 esset
1148 3820 1207 3880 mibi
1220 3825 1258 3870 tut

263 3913 503 3988 condonamus,
529 3917 625 3989 falsis)
645 3918 841 4012 temperabis.
884 3919 975 4004 Scio,
998 3935 1056 3980 ane
1072 3933 1134 3977 essa
1154 3909 1215 3972 nibil
1239 3901 1275 3958 b
