2638 4498
74 565 89 612 Ι

238 271 302 346 fill
599 277 615 326 V
726 280 817 355 ull.

237 436 344 496 vllem
361 438 434 496 iram
457 437 534 512 Dei,
560 441 622 500 imo
639 449 718 499 lanta
736 442 878 500 demerita
894 451 1091 517 peccatorum
1108 447 1292 508 ausimum,

236 539 313 598 quae
330 538 494 601 coegerunt
511 531 614 589 Deum
631 533 665 586 ad
684 532 842 589 mittendas
861 547 965 590 contre
985 549 1042 588 noa
1059 542 1122 588 tam
1138 529 1292 586 bonibiba

233 617 325 676 furias
342 615 526 678 Turenum.
563 621 632 695 lpse
656 617 723 692 det,
749 633 783 677 ut
807 623 1032 696 resipiscamus,
1057 633 1093 676 et
1116 629 1180 676 acta
1201 619 1295 692 pecul.

233 713 325 766 tentia
347 711 498 783 placemus
522 712 601 784 hanc
621 713 713 782 iram,
739 722 787 768 aut
809 711 835 769 si
861 714 984 770 omnino
1008 713 1169 791 decretum
1192 721 1240 768 est
1259 711 1291 765 ita

233 797 317 867 lieri,
342 801 449 870 faciat,
474 802 602 871 utsit1)
627 803 704 860 haec
725 802 888 860 norissima
913 807 953 858 ira
976 815 1005 858 et
1021 819 1115 858 unum
1133 803 1173 858 de
1191 801 1290 871 megn'a

235 888 327 962 cignis
345 874 507 948 antediem
528 893 639 963 gloriae
663 909 735 948 suae
757 903 787 948 et
809 893 913 974 salutis
939 905 1077 962 nostrae,
1104 894 1187 948 siout
1211 893 1289 948 dixi:

232 977 282 1040 Ee
295 980 395 1056 siqua
411 997 483 1038 mea
499 989 611 1052 erunt,
629 981 696 1052 fiat,
714 985 823 1039 Amen.

300 1077 459 1135 Caeterum
477 1080 557 1152 quod
574 1081 611 1136 de
623 1079 753 1136 Matthia
767 1081 874 1154 Devay
886 1078 916 1144 ⁸)
935 1080 1083 1150 scribitis,
1103 1080 1289 1136 veliementer

230 1179 301 1226 tum
318 1168 492 1238 admirans,
520 1186 590 1224 cum
614 1180 644 1225 ct
669 1169 746 1243 apud
769 1186 827 1226 nos
852 1172 891 1227 sit
908 1172 973 1244 ipae
992 1171 1067 1226 adeo
1085 1171 1159 1225 boni
1178 1169 1289 1236 odada.

230 1271 265 1316 ut
281 1257 355 1317 milti
373 1257 433 1334 ipsi
447 1261 483 1316 sit
501 1259 618 1317 difficile
637 1259 725 1318 vobis
743 1261 867 1318 credere
885 1263 1099 1318 scribentibus.
1134 1261 1196 1317 Sed
1216 1272 1246 1316 ut
1260 1272 1287 1317 at

231 1353 289 1421 sit,
317 1362 399 1409 certe
429 1369 445 1407 a
473 1351 561 1416 nobie
588 1369 651 1407 non
678 1351 769 1408 habet
796 1355 1094 1410 sacramentariorum
1121 1353 1286 1410 doctrinam.

229 1438 302 1500 Nos
318 1438 369 1498 hic
386 1453 556 1498 constanter
572 1453 678 1498 contra
697 1459 762 1498 eam
780 1459 944 1514 pugnamus
962 1443 1083 1514 publice
1100 1457 1130 1498 et
1147 1443 1284 1514 privatim,

230 1549 290 1600 nee
306 1535 366 1590 ulla
382 1533 515 1605 suspicio
532 1543 583 1588 aut
598 1533 695 1588 tenuis
713 1533 791 1588 odor
807 1545 855 1589 est
871 1534 948 1606 apud
965 1550 1022 1590 nos
1040 1535 1077 1589 de
1102 1536 1162 1590 ista
1187 1535 1284 1589 abomi-

230 1624 373 1693 natione,
405 1624 461 1679 nisi
491 1621 641 1679 Diabolus
670 1623 700 1678 in
727 1621 861 1685 occulto'
880 1625 979 1697 aliquo
1009 1625 1118 1696 angulo
1149 1634 1283 1680 susurret

228 1715 322 1776 Forte
339 1717 444 1781 1:00²)
462 1726 582 1782 moret,
600 1716 682 1787 quod
700 1716 899 1776 elevationem
915 1717 1033 1772 hostiae
1051 1717 1283 1790 deposulmnsia

175 1853 193 1864 Α
231 1808 353 1878 gratiam
370 1803 537 1879 aliquorum
554 1807 740 1875 vicinorum,
767 1823 829 1862 non
852 1807 882 1862 in
906 1809 1140 1877 necessitatem,
1169 1809 1235 1878 quia
1254 1806 1283 1862 ab

229 1897 315 1961 initio
331 1897 483 1954 voluimus
501 1913 566 1952 eam
583 1895 686 1952 haberi
702 1895 845 1966 liberam,
868 1913 924 1952 nec
942 1898 1039 1952 adbuc
1059 1898 1087 1953 in
1107 1900 1282 1969 negation·

230 1981 385 2046 doctrinae
404 1996 523 2042 nostrae
540 1986 577 2042 de
592 1984 782 2042 §aeramento
800 1988 982 2043 omittimus!
999 1987 1071 2060 quin
1082 1985 1112 2053 3)
1130 1989 1283 2044 aliisetiam

231 2078 289 2134 sub
306 2076 444 2134 Ecclesia
461 2087 562 2135 nostra
579 2074 703 2132 liberam
719 2075 939 2148 permittimus,
965 2077 1052 2132 etism
1078 2077 1136 2150 ipsi
1162 2095 1229 2134 eam
1247 2095 1282 2137 ra-

232 2163 407 2235 clamaturi,
435 2165 460 2222 ai
484 2181 560 2239 opus
581 2163 620 2222 sit
636 2176 687 2222 aut
704 2168 790 2222 utile:
815 2166 894 2221 sicut
911 2165 1050 2222 Ecclesia
1068 2177 1131 2238 tota
1150 2169 1283 2224 Mediolc

230 2257 332 2332 nensis
350 2271 447 2330 neque
465 2270 580 2312 canone
598 2269 695 2326 neque
714 2255 879 2310 elevatione
896 2257 987 2310 utitur
1004 2273 1103 2329 usque
1127 2260 1159 2312 in
1176 2257 1282 2314 laodien

229 2365 302 2418 num
319 2349 414 2415 diem,
431 2346 547 2402 etlamai
564 2357 625 2402 tota
641 2346 775 2404 Romana
793 2345 931 2403 Ecclesia
948 2349 1033 2403 aliter
1050 2351 1155 2420 faciat,
1176 2369 1231 2408 nec
1246 2362 1284 2410 etl

229 2437 292 2494 ulia
305 2437 345 2494 ibi
363 2435 501 2492 offensio.
535 2435 614 2491 State
631 2452 704 2506 ergo
724 2443 754 2490 et
776 2437 866 2491 nolite
889 2436 1041 2505 dubitare,
1066 2455 1116 2494 me
1140 2457 1283 2516 nunquam

229 2527 300 2594 (nisi
319 2543 367 2582 me
384 2527 471 2582 Deua
492 2525 638 2582 furiosum
662 2525 727 2580 lieri
753 2525 918 2596 permittat)
944 2543 1104 2584 sensurum
1129 2547 1283 2590 esserum

231 2617 408 2674 advaraarlla
425 2615 625 2694 Sacratueuti,
650 2631 706 2670 nec
731 2631 796 2670 eam
817 2615 1068 2681 abominationem
1085 2617 1283 2691 passurum)

228 2709 260 2767 in
284 2707 422 2764 Ecclesia
446 2706 518 2762 mihi
542 2705 664 2761 credita.
704 2707 765 2774 Aut
788 2706 812 2760 ai
839 2708 937 2778 (quod
955 2721 1065 2764 avertat
1080 2711 1186 2780 Deus)
1211 2715 1285 2772 aliter

228 2800 349 2867 fecero,
366 2813 423 2854 vos
441 2813 511 2852 cum
522 2793 628 2851 fiducia
641 2795 748 2863 dicite,
767 2811 816 2849 me
829 2795 978 2853 frtriosum
990 2809 1019 2854 et
1032 2801 1202 2859 damnatum
1214 2821 1283 2861 ease.

227 2888 378 2946 Diabolus
397 2897 459 2955 est,
478 2885 528 2958 qui
547 2899 617 2940 cum
633 2883 725 2953 aciat,
750 2895 794 2939 tot
811 2886 887 2941 meis
905 2887 989 2942 libris
1007 2890 1137 2946 testibus
1155 2909 1204 2948 me
1220 2893 1284 2950 invi.

229 2989 313 3035 ctum
329 2993 397 3033 ease
414 2976 444 3034 ia
462 2973 601 3048 publico,
619 2975 728 3044 cogitat
744 2976 923 3050 serpentinis
940 2988 969 3033 et
982 2979 1173 3038 clanculariis
1186 2984 1280 3052 sibilis,

229 3068 279 3126 ubi
301 3077 418 3142 potest,
445 3069 474 3121 in
496 3064 608 3134 angulis
632 3063 791 3130 infamare,
816 3077 846 3120 et
862 3067 989 3122 verbum
1007 3071 1139 3128 veritatis
1159 3075 1216 3130 sub
1230 3075 1281 3130 mei

228 3159 358 3218 nominis
376 3155 462 3213 titulo
480 3155 659 3210 deformare.
694 3153 795 3224 Cogor
813 3156 911 3227 itaque
933 3169 1002 3229 post
1018 3170 1064 3214 tot
1080 3165 1279 3222 consessiones

229 3267 313 3310 meas
331 3247 429 3304 adhuc
448 3261 535 3302 unam
556 3245 674 3314 fecere,
692 3236 721 3312 ⁵)
747 3261 837 3318 quam
860 3247 965 3303 faciam
987 3252 1162 3324 propediem
1186 3265 1216 3312 et
1234 3273 1280 3312 uc·

189 3363 195 3376 ’
228 3341 390 3402 vissimum.
406 3331 433 3406 6>
450 3335 494 3405 *“)

234 3469 764 3496 W

280 3569 303 3618 l)
321 3567 349 3616 ll.
363 3563 396 3614 bl.
412 3559 447 3610 lut
459 3558 530 3614 elien
542 3555 656 3608 abarae:
674 3555 763 3612 lueril,
782 3557 837 3610 batt
849 3556 924 3608 faciat
935 3561 963 3606 al
975 3559 1015 3606 all.
1076 3563 1099 3613 2)
1118 3568 1136 3612 1,
1146 3567 1214 3612 aare
1231 3565 1275 3611 loa

229 3640 252 3695 ³)
264 3643 285 3690 2.
294 3639 365 3689 stau.
379 3648 441 3683 cum·
482 3637 504 3687 l>
516 3637 536 3683 l.
545 3633 615 3682 bila.
629 3630 706 3678 audiri
715 3632 773 3689 abur
781 3643 915 3690 passurum.
958 3635 980 3688 ⁵)
993 3635 1014 3684 1,
1023 3635 1093 3685 arsat,
1107 3651 1196 3687 „oum
1205 3643 1268 3689 ,den

229 3717 252 3769 l)
265 3717 285 3763 l.
295 3715 366 3761 uber.
377 3707 525 3765 ucaarlallea
537 3705 702 3754 rovualmam.

229 3829 457 3851 Μ

279 3918 304 3968 *l
318 3917 355 3967 Gt
366 3912 453 3962 bunt
465 3912 499 3959 lat
511 3907 558 3960 bl.
570 3917 594 3960 a.
605 3911 639 3960 2⁸.
652 3911 709 3962 lure.
722 3910 796 3962 litu-r
808 3869 855 3959 r'ao.
865 3907 992 3972 mcxl,
1005 3921 1056 3962 aar.
1106 3917 1145 3972 a.)
1163 3919 1197 3972 er
1208 3918 1271 3966 mar

228 3991 271 4042 bal
283 3989 347 4045 ianr
359 3981 508 4041 barunculi
519 3989 573 4034 aaut
587 3983 641 4040 itll.
651 3985 807 4035 eumaem.
