2736 4512
261 287 324 360 'sis
750 297 841 369 isit.

263 449 361 508 Caroli
378 442 542 511 voluntatess
575 449 663 512 Deua
679 457 829 530 perficiat,
848 455 929 530 quod
946 445 1075 530 incepit,
1086 447 1122 510 'et
1136 445 1197 512 n'on
1209 451 1313 512 desinat

261 547 404 616 persequi
421 545 567 617 lucifugas
583 547 654 603 istas
668 550 917 621 vespertiliones,
935 549 1033 604 donec
1051 547 1164 605 oriatur
1180 547 1227 603 sol
1239 546 1314 616 justi.

260 633 320 687 tiae
339 634 434 704 palam
452 653 506 692 eos
523 638 732 706 damnaturus,
760 643 867 694 Amen.

205 733 210 744 ’
254 790 258 797 ,
328 731 438 788 Totles
456 733 568 792 oblitus
586 751 654 792 sum
670 737 698 802 ¹)
723 739 900 806 admonere,
924 747 958 792 ut
974 735 1026 791 tibi
1044 728 1205 791 caverea'a
1225 732 1314 790 convi-

256 807 329 875 ¹uiis.
360 821 499 879 Monstra
511 825 562 881 hio
577 827 693 883 interim
708 828 903 884 crebrescunt
915 826 1131 882 veneficorum.
1164 824 1313 882 Erfordim

256 923 392 972 aromata
416 923 447 968 et
472 915 631 988 pharmaca
655 919 816 974 aromatica
832 927 1034 974 mercatorum
1051 917 1240 989 deprebensa
1257 927 1313 971 suut

263 999 375 1057 infecta
391 1005 526 1062 venenis.
560 1007 739 1079 Altenburgi
756 1023 814 1062 una
832 1009 861 1062 in
877 1022 981 1063 mensa
999 1009 1031 1061 12
1046 1021 1194 1061 venenum
1212 1021 1315 1060 sumac.

262 1101 333 1146 runt
359 1092 388 1147 in
414 1093 613 1151 condimentis
640 1105 669 1152 et
694 1095 834 1152 exstincti
857 1107 942 1152 sunt:
968 1096 1014 1152 sio
1037 1106 1068 1151 et
1082 1095 1181 1151 Jeoae
1205 1105 1236 1151 et
1256 1095 1315 1149 alias

261 1177 412 1252 Diabolus
437 1175 527 1239 mittit
550 1201 624 1240 suos
642 1185 806 1242 veneficos.
840 1186 957 1253 Miror,
982 1185 1055 1259 quid
1078 1186 1164 1242 sitin
1181 1184 1315 1255 Magneti.

262 1269 338 1340 bus,
356 1274 381 1337 α)
406 1283 518 1330 utnon
535 1275 657 1346 vigile'nt
674 1277 704 1332 in
721 1287 800 1333 tanta
816 1277 892 1332 furia
908 1278 1041 1332 Satanae.
1076 1259 1161 1331 Nihil
1184 1277 1314 1347 deinceps

260 1371 356 1417 tutum
375 1365 431 1426 erit
447 1381 548 1421 emere
566 1378 614 1422 aut
631 1367 685 1423 uti.
699 1363 729 1434 ³)
763 1368 907 1440 Denique
924 1367 1053 1423 narrabo
1070 1367 1224 1436 fabulam,
1238 1383 1316 1439 qnam

259 1453 396 1510 narrabat
412 1449 442 1523 ¹)
459 1455 524 1512 beri
541 1455 676 1516 iacchus
693 1456 826 1528 Walch,
839 1451 869 1528 ⁵)
887 1460 985 1514 scriba
1001 1467 1120 1514 nostrae
1138 1459 1235 1512 aulae.
1268 1455 1316 1512 Ve-

260 1545 341 1600 nisse
359 1547 387 1600 in
405 1548 573 1618 quoddam,
597 1548 820 1622 nescioquod,
846 1549 988 1624 oppidum
1005 1549 1081 1604 duos
1098 1549 1202 1618 viros,
1226 1549 1315 1622 specie

259 1633 436 1706 religiosos,
461 1637 545 1710 quasi
571 1640 737 1694 ambientes
761 1639 956 1694 ministerium
977 1639 1062 1695 verbi
1087 1639 1116 1692 in
1133 1640 1247 1696 nostris
1263 1638 1315 1694 Ec.
1352 1689 1353 1714 1

259 1723 368 1800 clesiis.
388 1713 514 1783 ''Habuit
531 1726 656 1800 quilibet
672 1745 757 1785 suam
770 1729 863 1784 sicam
875 1717 936 1797 (i),
955 1743 1044 1798 quam
1059 1727 1168 1800 hospiti
1175 1765 1186 1796 ,
1205 1729 1315 1802 quoties
1352 1795 1353 1802 ἵ

259 1816 483 1898 egrederentur,
496 1819 721 1888 diligentissime
732 1819 975 1873 commendarant
985 1818 1223 1873 custodiendam.
1243 1803 1314 1873 Tala.
1352 1847 1353 1858 1

258 1905 328 1960 detn
353 1905 469 1979 hospes
496 1907 584 1962 nimia
607 1907 655 1962 illa
679 1909 825 1979 diligentia
850 1919 951 1963 motus
977 1907 1089 1980 incepit
1108 1899 1135 1974 6)
1164 1908 1313 1975 sciturire,

258 1997 399 2068 quidnam
417 1999 447 2051 in
465 1999 529 2054 istis
545 1999 617 2055 sicis
635 1999 688 2066 sit,
707 2007 754 2066 et,
772 2007 872 2071 aperta
889 2014 947 2053 una
962 2008 1033 2070 post
1053 1999 1193 2064 alteram,
1211 1996 1313 2054 invenit
1351 2027 1353 2036 ι

258 2102 310 2140 eas
328 2087 451 2152 refertas
469 2087 577 2144 hostiis
594 2087 736 2155 minutia,
762 2085 872 2160 quibus
889 2087 953 2143 laici
970 2089 1214 2156 communicant,
1234 2100 1262 2143 et
1277 2088 1310 2144 nil

257 2176 338 2231 forte
356 2171 514 2249 suspicans
531 2177 619 2248 mali,
636 2179 721 2250 quasi
739 2179 857 2234 lusurus
876 2193 982 2238 eorum
999 2179 1161 2247 viaticum,
1177 2172 1210 2246 7)
1232 2193 1311 2234 unam

258 2267 382 2353 accipit,
395 2261 425 2334 l)
443 2279 473 2324 et
489 2269 642 2340 pulmento
659 2270 783 2336 miscet,
801 2269 857 2326 illis
875 2269 1073 2352 propouepdo
1088 2263 1115 2336 9)
1132 2269 1163 2326 in
1179 2271 1308 2343 prandio,

195 2355 199 2365 '
258 2357 337 2412 forte
356 2357 450 2414 risum
466 2368 613 2414 moturus.
646 2357 691 2414 llli
708 2367 823 2426 autem,
840 2369 940 2415 sumto
954 2360 1126 2431 pulmento,
1144 2361 1228 2417 illico
1239 2377 1310 2416 mor.

257 2459 320 2504 tem
336 2449 475 2506 obierunt
491 2451 522 2504 in
538 2464 651 2504 mensa.
686 2446 729 2504 stt
745 2449 856 2505 fabula:
877 2458 976 2505 tamen
993 2461 1110 2506 certum
1128 2463 1192 2521 cst,
1211 2451 1310 2514 venei.

258 2557 314 2594 cos
331 2540 439 2608 vagari.
472 2539 544 2596 Ideo
568 2557 624 2616 pro
650 2540 735 2594 vobis
759 2539 843 2594 raidc
869 2539 978 2594 soliciti
1002 2555 1126 2610 sumas,
1150 2551 1249 2598 tamen
1266 2543 1309 2597 illc

257 2645 315 2698 nos
327 2631 472 2686 solamur:
489 2629 627 2704 Angelis
643 2629 713 2684 suis
725 2627 893 2683 mandauit
908 2629 946 2683 de
963 2635 993 2682 te
1009 2636 1066 2685 eto.
1084 2632 1196 2704 etipse
1215 2634 1308 2701 faciet,

259 2726 294 2775 ut
310 2713 395 2774 nihil
410 2720 455 2776 sit
470 2709 635 2793 op'ertum„
651 2717 739 2796 quod
752 2733 818 2774 non
836 2717 1003 2789 reveletur,
1020 2721 1104 2776 sicut
1114 2722 1186 2778 fecit
1203 2723 1234 2778 in
1248 2723 1309 2780 Me.

258 2810 374 2878 centio,
391 2811 428 2876 ¹⁰)
448 2809 506 2867 lilio
523 2810 658 2867 Diaboli.
822 2818 826 2824 '

323 2909 434 2966 Omnia
450 2909 500 2964 hic
524 2909 605 2966 salva
627 2918 715 2978 sunt,
741 2907 802 2965 Dei
820 2909 921 2980 gratia.
955 2909 999 2965 D.
1015 2907 1111 2966 Jonas
1127 2909 1220 2968 llalae
1235 2926 1309 2986 prae.

257 2999 337 3056 dicat
351 2989 416 3056 istis
434 3000 543 3056 sanctis
555 3003 592 3066 ¹¹)
609 2994 690 3056 feriis
702 2999 875 3067 Paschatia,
888 2998 918 3066 ¹)
933 2999 1078 3055 fremente
1095 3018 1178 3071 arce,
1194 3005 1249 3059 sed
1263 3019 1307 3058 vo.

255 3093 337 3148 lente
353 3091 466 3165 populo
483 3090 521 3158 ¹²)
538 3100 569 3146 et
585 3090 692 3146 Senatu
738 3089 805 3162 Ego
829 3091 928 3146 adhuc
951 3091 1008 3146 sub
1032 3091 1124 3147 Mose
1148 3095 1306 3150 immundus

196 3225 203 3238 .
256 3184 341 3239 fluxu
352 3185 430 3239 auris
442 3183 551 3252 sedeo,
569 3182 727 3254 aliquando
739 3183 847 3251 vitam,
866 3182 1021 3253 aliquando
1034 3192 1163 3239 mortem
1175 3187 1306 3256 cogitans.

256 3273 322 3330 Fiat
332 3275 470 3330 voluntas
480 3271 625 3340 Domini,
641 3273 750 3328 Amen.
787 3270 857 3327 Vale
869 3273 899 3328 in
911 3272 1046 3327 Domino
1064 3273 1094 3327 in
1111 3271 1306 3334 aetemun1.¹³l

172 3449 177 3458 ·
258 3369 301 3421 ²⁰⁰
319 3365 419 3437 Apnl'
442 3361 600 3420 MDXLL
951 3427 1102 3484 Martinus
1119 3428 1279 3487 Lutherus.

308 3607 480 3662 ὒδῶοῒίε.
518 3608 541 3658 2)
556 3607 617 3654 (3.6.
631 3605 727 3652 Auris.
740 3603 928 3662 magistratibus.
969 3607 1184 3658 3)A.-=antuii.
1220 3607 1306 3663 ΜΦ.

257 3680 373 3727 narrabit.
419 3679 565 3730 5)A.Wal.
609 3681 631 3732 6)
646 3679 705 3726 0.(1.
719 3677 813 3736 lnclpll.
858 3679 954 3731 DQG.
969 3679 1071 3726 atatam.
1114 3682 1304 3738 b)C.G.arripii.

257 3757 279 3801 ⁹2
301 3755 325 3798 t).
336 3755 365 3799 o.
383 3751 540 3818 imponendo.
590 3755 625 3804 to)
644 3753 669 3797 c.
680 3754 707 3797 ὓ.
722 3751 864 3805 †-naturali.
914 3743 951 3804 11)
961 3751 986 3799 c.
996 3754 1023 3799 G.
1037 3751 1114 3805 illlnc.
1138 3758 1169 3802 A.
1182 3779 1207 3790 ·-
1219 3754 1303 3803 sanctis.

257 3831 289 3877 11)
305 3825 364 3877 ετ).
379 3825 498 3883 Principe.
524 3825 646 3882 mplebe.
697 3823 979 3878 liwu--Valcetc,

258 3931 484 3945 ,ια’-

305 3997 329 4050 u
346 3993 671 4050 maurianensem
1005 4021 1014 4051 .
1079 3963 1084 3992 ³
