2672 4518
580 233 670 347 asto.
800 303 805 310 ·
1093 273 1156 348 ess

94 429 286 504 λὴόμηόας,
311 432 429 490 inutiles
439 432 606 496 civitatibus
618 441 649 490 et
659 404 923 507 vitae‘hominitm,
942 435 1070 511 ideoque
1089 409 1160 496 diat

94 539 232 593 operam,
250 531 281 578 ut
298 518 765 596 quoquomodotc'vnlvsntsese,
786 527 864 582 sicut
882 527 984 585 labrsx
1001 527 1048 594 (i)
1064 527 1159 600 Piscis

94 622 259 686 postquam
276 611 393 668 voravit
404 614 546 682 hamum,
556 625 654 680 tamen
667 616 763 670 evadit
776 615 900 690 sibiipsi
914 633 950 672 os
962 618 1107 686 lacerans,
1124 627 1176 674 ut.

95 701 134 756 eb
155 700 247 766 harno
272 719 304 758 se
317 704 449 760 'evellatt
475 716 574 760 tamen
591 703 701 760 horum
721 705 870 776 judicium
889 707 964 762 nihil
986 707 1025 762 ad
1048 721 1104 764 uos
1129 716 1160 764 et

94 789 267 854 Ecclesiam
284 795 431 865 pertinet,
445 801 577 850 vestram
592 795 838 864 suffragationem
849 797 1039 867 quterimus,
1058 805 1088 852 et
1105 813 1161 854 vo.

96 881 216 938 bircam
234 881 401 954 cortgruere
418 883 585 940 voluntates
597 883 891 972 Ecclesisepvestrae
906 903 968 942 uon
979 866 1159 943 dubitamus.

97 971 238 1030 Maxime
250 983 349 1028 autem
363 974 524 1046 optandum
536 984 601 1043 est,
617 985 650 1028 ut
660 973 842 1044 concordia,
861 989 937 1046 quae
950 973 1162 1034 luithactenus-

96 1063 178 1117 iuter
194 1073 330 1119 nostram
346 1074 377 1119 et
394 1073 524 1120 vestram
540 1063 728 1132 Ecclesiam,
746 1065 785 1121 sit
800 1073 952 1138 perpetua.

164 1183 278 1240 Totam
302 1195 400 1241 autem
417 1183 660 1242 deliberationem
677 1201 734 1242 nos
756 1186 878 1260 quidem
899 1187 932 1242 in
954 1187 1009 1244 tria
1025 1186 1163 1246 membre

97 1275 196 1347 pertiti
221 1291 336 1332 sumus.
369 1279 432 1333 Aut
454 1289 555 1350 petent
576 1278 606 1332 iu
624 1276 759 1332 doctrine
780 1277 892 1350 aliquid
908 1279 1031 1348 mutari,
1055 1287 1105 1333 sut
1129 1277 1162 1341 ie
1234 1283 1243 1306 ‘

97 1366 232 1422 externis
250 1365 341 1422 rebus
360 1368 558 1434 necessariis,
575 1381 625 1424 aut
642 1368 671 1423 in
690 1367 820 1422 extemis
837 1383 965 1440 prorsus
980 1367 1162 1440 adiaphoris

96 1455 149 1511 De
167 1456 301 1511 doctrina
318 1457 405 1529 plane
421 1457 467 1513 sic
484 1457 693 1524 decrevimus,
714 1473 774 1512 nos,
789 1472 917 1530 prorsus
940 1458 1050 1512 nullam
1068 1449 1163 1536 tumat

100 1549 214 1602 tionem
245 1547 333 1604 ullius
356 1548 470 1603 articuli
493 1547 701 1611 Confessinnis
732 1558 762 1601 et
785 1548 950 1620 Apologiae
975 1547 1167 1614 admissuros

100 1651 185 1704 esse,
203 1653 387 1710 quocunque
405 1647 574 1710 praetextu.
608 1639 761 1706 Augustis
775 1652 844 1692 rem
858 1654 900 1692 eo
912 1635 1116 1704 adduxerant,
1128 1645 1164 1692 ut
1263 1696 1268 1710 ¹

99 1728 188 1784 simul
214 1728 358 1784 articulos
382 1728 582 1784 conderemus
607 1727 784 1798 ambiguos,
809 1726 1009 1800 flexiloquost
1028 1743 1076 1784 res
1097 1737 1163 1784 eret

99 1819 205 1876 similia
222 1818 399 1891 Syrmiensis
424 1819 501 1876 illius
517 1819 658 1891 exempli.
693 1819 767 1874 Sunt
788 1829 892 1874 autem
906 1833 956 1876 ree
974 1828 1092 1896 nostem
1110 1817 1165 1874 ali.

98 1919 209 1981 quanto
226 1909 362 1982 pluribus
379 1909 642 1966 lucubrationibus
666 1910 785 1982 itejam.
798 1911 961 1982 prtefsetae
986 1921 1073 1982 atque
1096 1910 1163 1984 illu.

98 2009 227 2067 stratae,
254 2009 304 2067 ut,
330 1999 401 2072 quid
426 2015 499 2054 vere
524 2000 705 2066 sentiamus,
732 1999 803 2056 satis
828 2000 955 2071 liqueat:
983 2010 1014 2055 et
1039 1999 1064 2056 si
1089 1999 1179 2085 quid·

1 2113 2 2116 ¹
98 2089 271 2162 requirent,
294 2105 397 2146 coratu
415 2089 629 2146 declarabimus
647 2099 767 2146 nostras
787 2082 951 2146 sententias
973 2099 1003 2146 et
1026 2089 1166 2146 oratione

1 2208 2 2211 ι
97 2190 128 2236 et
144 2181 287 2252 scriptis,
312 2183 365 2238 sed
383 2197 454 2236 cum
472 2180 545 2253 ipsis
562 2182 705 2236 articulos
722 2195 825 2237 novos
845 2196 1032 2266 usquequam
1049 2179 1162 2236 conde.

96 2287 186 2338 runs,
203 2289 241 2326 ne
253 2271 364 2329 veritas
378 2285 462 2328 antea
479 2267 619 2327 illustrata
631 2281 710 2328 nuuc
722 2271 814 2327 meis
823 2271 996 2342 ambagibus
1008 2271 1168 2326 obruatur..

97 2361 127 2417 st
139 2364 296 2417 veritatem
310 2371 471 2435 quaenunt,
488 2369 523 2417 ut
532 2361 683 2432 jactitem,
701 2359 897 2417 assentiantur
908 2371 989 2418 recte
1000 2359 1159 2432 explicatis
1230 2381 1239 2394 1
1267 2387 1273 2396 ι

97 2452 304 2530 dogmatibus:
333 2453 358 2508 si
384 2462 498 2507 tantum
525 2437 604 2508 ittud'
621 2461 729 2522 agunt,
756 2461 788 2506 ut
811 2449 1054 2508 cavillationibus-
1070 2451 1162 2507 novis

94 2545 262 2617 decerpant
282 2543 391 2615 aliquid
406 2541 453 2598 'de
478 2543 654 2598 auctoritate
673 2541 825 2601 doctrinae
847 2551 993 2610 nostrae,
1012 2540 1162 2611 fugiamus.

83 2653 153 2691 -eos
177 2643 210 2690 ut
226 2633 428 2706 sycophantas
451 2633 555 2704 dignos
579 2631 658 2688 odio.
693 2631 797 2689 Discit
811 2631 910 2688 Senex
932 2631 962 2688 in
979 2631 1159 2698 Comoedia,

95 2725 255 2800 quomodo
275 2723 438 2780 eludendus
455 2723 494 2779 sit
518 2725 690 2780 foenerator
712 2724 902 2796 captiuncula
922 2723 961 2778 de
982 2724 1029 2778 die
1052 2719 1094 2798 tv,
1110 2727 1162 2782 eal

92 2815 151 2891 rip.
185 2807 235 2872 Ab
246 2815 384 2871 Ecclesia
400 2813 505 2886 procul
522 2809 720 2887 explodantur
735 2815 811 2870 tales
828 2813 1176 2883 cauillstlones,absit.·
1223 2852 1224 2861 ι

97 2925 158 2981 que
175 2905 245 2961 illud
263 2904 435 2961 Sinouiutna
449 2905 661 2960 Aueverrare
675 2903 766 2960 dolos
782 2909 841 2959 aut
856 2910 964 2960 certae
979 2901 1167 2960 occumbere·

72 2996 205 3056 morti.
227 2995 258 3064 ⁴)
298 2995 368 3054 Nos
398 2994 529 3066 tyrannis
556 2995 655 3066 potius
680 2995 816 3049 cervices
841 2991 996 3049 feriendae.
1012 2993 1165 3066 praebere

95 3089 204 3157 decet,
228 3101 320 3159 quam
335 3085 530 3154 Evangelium
555 3083 605 3139 lilii
624 3083 684 3138 Dei
703 3099 909 3156 corrumpere.
942 3081 1159 3138 Exeuntem.

97 3179 207 3254 cbeses
220 3188 340 3233 vestrae
352 3183 380 3230 et
393 3183 512 3229 nostrae
527 3173 693 3241 Ecclesiae,
711 3173 740 3230 in
758 3173 866 3247 quibus
878 3174 1162 3230 doctrinaesunrtna

96 3269 237 3336 traditur,
263 3283 342 3340 quae
363 3281 425 3320 nou
449 3263 580 3319 obscure
603 3273 767 3330 testantur,
794 3277 949 3319 nocuere
975 3277 1163 3318 comensem,

95 3357 263 3413 catholicae
300 3355 455 3412 Ecclesiae
481 3353 596 3409 Christi
618 3353 655 3407 de
678 3353 814 3418 doctrina
843 3352 988 3424 amplecti
1014 3363 1046 3408 et
1069 3352 1160 3409 tueri.

95 3447 275 3507 Retinemus
286 3445 444 3517 Symbola,
461 3458 654 3514 repurgemus
668 3442 846 3500 sententiam
859 3442 1163 3517 totiusproplrsticae·

96 3551 125 3599 et
136 3538 318 3610 apostolicae
332 3536 498 3606 Scripturas
511 3527 548 3587 de
561 3532 750 3605 poenitentia*
760 3541 788 3586 et
807 3530 844 3585 de
857 3529 925 3589 title.
957 3531 1164 3590 Restituimtts

96 3631 261 3700 legitimum
277 3641 365 3682 usum
388 3629 665 3691 Sacramentum,
692 3622 922 3679 monstravimus
940 3622 1012 3692 quid
1027 3624 1161 3678 sentien-

96 3724 168 3782 dum
184 3722 223 3777 slt
239 3719 280 3776 de
295 3715 507 3790 superstitiosis
525 3713 645 3782 ritibus,
664 3727 842 3768 resonamus
855 3712 923 3781 pios
937 3713 972 3774 ad
989 3729 1060 3769 uere
1076 3713 1163 3773 botta
1262 3729 1265 3744 ·

148 3977 170 4026 υ»
186 3967 298 4027 utimr.
313 3965 506 4016 amarante
670 3935 676 3970 ¹
