2672 4518
92 251 106 293 s
192 265 259 342 ιιι
606 259 772 348 -.ἰι“ιο

195 443 304 506 opera,
330 437 515 496 ostendimus
538 426 709 510 dignitatem
737 424 904 496 odiciumm
921 437 1085 505 civilium,
1093 421 1270 492 discrimen

179 514 267 594 'legis
279 537 308 582 et
319 529 563 610 promissionum
596 530 847 603 Deniquemnltis
863 528 992 594 articulis
1009 527 1162 584 doctrinae
1175 511 1267 580 olari.

194 617 306 672 atienae
330 620 430 674 lucem
454 620 619 676 attulimus
649 615 683 676 ld
706 635 815 692 negare
838 634 899 676 non
924 631 1051 691 possunt
1076 615 1267 683 adversarii,

193 717 225 762 et
247 707 272 762 ei
293 709 358 764 aine
383 711 529 766 calumnia
544 711 694 768 voluerint
714 711 868 784 judicare,
894 710 979 765 fateri
1003 717 1175 778 coguntur,
1200 720 1266 762 noa

183 797 239 870 pit
265 809 296 853 et
322 799 399 854 utilia
423 796 544 856 docere.
579 799 682 876 Quare
709 799 733 856 si
754 801 876 868 solent,
900 798 1116 865 assentiantur,
1141 795 1167 854 si
1197 813 1265 852 non

163 921 164 925 =
144 889 315 956 solent,
332 889 483 961 sequenda
493 889 581 946 nobis
598 891 652 946 etit
664 891 765 961 regula
777 890 878 948 Ptalit
900 891 938 947 m·
950 889 1023 966 quis
1039 887 1133 945 aliud
1140 887 1267 944 Evam

189 978 311 1052 pelium
328 979 481 1050 docuerit,
498 981 674 1036 mathema
690 983 742 1036 rit.

203 1125 209 1186 ζ
236 1104 394 1182 'Secunda
419 1127 488 1182 pars
507 1091 726 1168 deliberationis
743 1120 862 1168 nostrae
888 1119 934 1168 est
951 1109 987 1166 de
1010 1103 1101 1164 rebus
1119 1107 1266 1163 externis

190 1197 382 1253 necessariis.
407 1199 478 1260 ¹Has
502 1212 646 1256 vocemus
669 1197 893 1271 abrogationem
918 1197 1052 1256 omnium
1077 1197 1266 1264 missarum,

190 1277 347 1359 inquibus
365 1287 490 1357 desunt,
516 1291 565 1362 qul
589 1289 646 1346 uni
663 1301 782 1348 utantur
798 1285 1008 1358 Sacramento,
1031 1287 1265 1358 abrogationem

190 1377 341 1447 canonis,
367 1369 416 1452 qui
429 1375 517 1451 jubet
534 1381 642 1437 offerre
661 1381 738 1436 illam
756 1381 958 1438 ceremoniam
976 1394 1030 1454 pro
1048 1379 1113 1435 aliis
1130 1375 1209 1433 aivis
1231 1387 1266 1434 et

191 1471 340 1538 mortuis,
373 1469 597 1540 abrogationem
628 1473 785 1527 universae
817 1471 1015 1527 invocationis
1045 1477 1264 1538 mortuorum,

188 1541 323 1614 ¹'tlir'ectae
341 1559 390 1614 sel
407 1559 565 1615 indirectas
577 1560 827 1631 ,abrogationem
840 1572 981 1616 totorum
999 1569 1028 1616 et
1042 1557 1264 1624 monachatus,

184 1646 414 1704 'restitutionem
432 1649 565 1720 conjugii
583 1649 770 1706 sacerdotum
789 1659 818 1706 at
834 1651 963 1719 integrae
980 1653 1150 1721 synaxeos,
1169 1641 1264 1701 altro.

194 1737 343 1814 gationem
360 1739 544 1808 magicorum
562 1740 692 1810 rituum,
709 1739 927 1795 consecrandae
944 1748 1059 1812 aquae,
1079 1737 1263 1816 herbarum,

194 1829 333 1942 nolarum
350 1839 379 1884 et
396 1827 536 1885 similium
553 1844 669 1896 rerum,
685 1830 757 1885 item
774 1821 943 1888 funebr'aim
961 1827 1191 1886 sacrificiorum

253 1965 368 2022 Minus
394 1976 498 2024 curant
520 1962 622 2040 Reges
646 1933 799 2040 dogmata,
833 1983 923 2041 qnam
946 1977 1103 2024 externam
1128 1960 1262 2021 formam

196 2046 425 2124 Ecclesiamm,
447 2059 515 2112 ideo
532 2058 713 2118 dimicabunt
736 2058 882 2116 acerrime
890 2058 935 2136 de
957 2057 1116 2114 retinendis
1133 2053 1262 2128 privatis
1291 2125 1294 2128 Ι

186 2135 342 2215 liturgiis,
366 2145 403 2202 tie
421 2161 476 2204 utu
492 2145 585 2208 ιιιιιιιι
602 2148 693 2220 partis
710 2147 910 2216 Sacramenti,
935 2148 972 2202 de
993 2147 1185 2202 invocatione
1201 2143 1262 2201 Di.

196 2244 320 2292 torum.
353 2235 501 2294 Fortassis
518 2247 548 2294 et
565 2237 601 2294 de
619 2237 767 2294 coelibatu
783 2237 955 2308 litigabunt,
973 2238 1040 2310 quia
1058 2247 1105 2292 est
1120 2249 1262 2290 οοιιιιιιο.

198 2325 254 2381 tlus
280 2325 396 2382 tuendis
427 2325 535 2398 opibus
562 2328 774 2384 ecclesiasticis
804 2339 835 2384 st
863 2327 1016 2400 splendori
1049 2326 1261 2382 sacerdotum:

189 2416 385 2488 ¹,intelligimus
403 2413 566 2477 Pmttilices
592 2431 621 2473 er
638 2419 739 2490 Reges
756 2435 936 2491 magnopere
961 2433 978 2472 a
997 2417 1138 2488 conjugio
1156 2416 1262 2470 Sacer.

190 2505 304 2578 tlotutn
329 2505 506 2564 abborrrres
539 2525 597 2564 uec
621 2509 817 2565 monasticam
846 2509 971 2571 omnino
1001 2507 1112 2564 aboleri
1132 2507 1260 2564 ¹volttnt:

199 2597 328 2669 denique
339 2607 506 2670 proponent
514 2596 601 2654 nobis
611 2589 1053 2672 moderationesMothemicas
1063 2599 1105 2665 (i)
1115 2596 1260 2656 resvice,

198 2680 310 2754 limas,
335 2703 410 2759 quas
436 2687 564 2753 retinent
587 2704 698 2744 nervos
723 2688 889 2761 impietatis.
928 2688 1085 2744 Caeterum
1113 2688 1258 2760 quasdam

189 2777 330 2848 ‘vulgaria
347 2776 415 2834 vitia
428 2776 578 2848 iubebunt
594 2779 721 2848 corrigi,
744 2796 820 2851 quse
837 2790 936 2836 nmen
953 2777 1017 2837 tolli
1035 2795 1098 2842 non
1114 2789 1259 2852 possunt,

188 2867 233 2942 ,si
255 2859 369 2922 radices
393 2879 542 2932 maneant.
585 2867 775 2944 Quasiquam
804 2878 901 2924 sutem
926 2883 999 2924 nom
1018 2869 1196 2925 arbitramur
1220 2868 1258 2923 de

198 2958 292 3014 misae
308 2965 340 3020 at
355 2958 551 3030 applicatione
568 2959 729 3032 quidquam
741 2957 827 3014 nobis
839 2975 1040 3018 concessuros
1053 2975 1139 3030 asse,
1160 2970 1257 3016 ιιιιιιιιι

200 3048 345 3120 fingamus
370 3049 485 3119 sliquos
502 3049 685 3106 decursuros
710 3065 779 3106 esse
803 3051 837 3105 ari
855 3049 1007 3108 Gallicum
1026 3051 1204 3118 consilium,
1224 3061 1256 3104 ut

200 3139 332 3212 quotidie
349 3137 378 3192 in
395 3137 545 3210 parochiis
562 3155 619 3194 uns
636 3129 728 3196 missa
743 3136 793 3196 fiat
803 3179 813 3209 ,
834 3141 948 3196 etiamsi
965 3142 1073 3197 desunt
1090 3141 1256 3196 communi.

199 3241 312 3286 cantes.
345 3229 508 3302 Disputari
523 3229 618 3298 enim,
641 3229 721 3286 hanc
736 3215 941 3286 'ceremoniam
958 3247 1027 3287 esse
1053 3247 1129 3304 opus
1148 3241 1177 3286 et
1190 3247 1255 3302 ape.
1328 3281 1331 3288 .

198 3321 370 3388 circulum,
386 3315 453 3392 tino
464 3319 573 3390 gratiae
590 3332 735 3390 aguntur,
753 3321 975 3392 quomemoria
992 3321 1254 3378 retineturmortis

199 3409 320 3466 chrisa.
360 3401 468 3466 Potest
500 3408 587 3480 igitur
611 3410 775 3488 analagein
800 3409 880 3481 ieri,
906 3410 1059 3483 inquiunt,
1090 3423 1123 3466 ut
1152 3413 1254 3484 singuli

197 3503 326 3570 possunt
343 3491 392 3552 vel
409 3498 622 3568 recordationis
641 3515 747 3566 causa,
772 3499 840 3565 vel,
860 3510 894 3555 ut
910 3500 1016 3569 gratias
1035 3509 1120 3572 agant
1130 3539 1140 3570 ,
1158 3501 1253 3572 legere

197 3581 355 3644 historiam
373 3588 409 3642 de
422 3598 516 3642 morte
529 3587 656 3656 Christi,
673 3588 721 3644 vel
733 3587 884 3648 Psalmum
905 3590 1034 3661 aliquem
1051 3591 1158 3646 eodem
1174 3607 1254 3661 argu.
1270 3581 1273 3588 ¹

196 3683 312 3732 mento
345 3675 427 3731 Haec
453 3677 591 3748 speciose
616 3675 802 3749 disputantur
827 3696 842 3732 a
866 3680 1019 3752 prolenis,
1046 3681 1097 3752 qui
1122 3681 1251 3738 instrueti

198 3770 267 3820 sunt
282 3763 374 3820 literis
391 3772 422 3820 et
439 3765 625 3837 eloquentia,
644 3777 673 3822 et
690 3770 846 3822 conferunt
863 3767 921 3826 hos
936 3767 1012 3861 Ιιιιιιε
1032 3770 1067 3824 ad
1085 3773 1251 3841 spectacula

133 3895 137 3900 .
198 3844 336 3912 Romana
353 3862 401 3908 sut
416 3853 532 3923 Attica,
551 3856 711 3912 memoriae
729 3855 824 3914 causa
838 3834 978 3918 instituta.
1011 3859 1154 3916 videmus
1177 3862 1251 3918 anim

199 3933 294 3999 delabi
312 3934 427 4012 ingenia
442 3943 478 3998 ad
495 3955 600 4018 pratas
618 3942 788 4020 opiniones.
819 3945 876 4006 Sed
888 3965 944 4005 nos
961 3949 1141 4024 simpliciter
1153 3947 1250 4009 decre
