2672 4518
210 233 270 335 sss
396 295 422 360 '.
693 239 785 342 rain.

209 427 380 484 erudelitas.
412 428 481 486 Nos
499 429 606 502 pudeat
617 443 684 486 esse
697 439 757 485 tam
769 415 927 493 delicatos,
943 435 976 482 ut
986 427 1094 497 iniuste
1104 423 1274 507 nobiscum

208 519 252 588 agi
266 536 281 574 a
294 519 363 576 Deo
378 531 533 592 putemus,
551 521 577 576 si
589 533 646 574 nos
658 519 751 589 adfligi
765 520 852 574 sinat.
866 537 869 542 ·
883 519 939 574 Sed
951 509 1031 576 hanc
1042 516 1274 590 philosophiam
1332 527 1334 540 ¹

207 609 256 666 isti
274 609 444 678 oiigarchici
460 611 516 666 viri
529 617 588 666 nou
600 624 719 678 curant,
737 625 866 682 quorum
879 609 1033 664 mollitiem
1046 619 1076 663 et
1087 607 1270 678 cupiditates

207 713 264 754 vos
288 701 431 768 imprimis
457 702 598 758 detestari
623 701 748 757 scimus.-
781 699 923 756 Videmus
950 709 1128 756 senescente
1151 689 1293 752 mundo

199 775 347 845 'erescere
364 791 544 862 impietatem
561 803 591 846 et
607 791 773 862 Epicureas
791 791 956 862 opiniones.
991 789 1039 846 Eo
1063 789 1169 859 majori
1195 803 1271 842 con.

206 879 338 934 tentione
360 891 450 952 veros
473 880 606 935 honores
633 879 693 935 Dei
718 879 794 951 tueri
819 895 924 935 omnes
948 879 987 951 pii
1013 879 1178 946 debebant,
1203 894 1270 933 uon

207 971 307 1024 solum
329 968 470 1025 doctores
491 969 714 1039 Ecclesisrum,
740 971 794 1025 sed
815 969 901 1025 etiam
926 970 1036 1026 caeteri
1055 969 1107 1042 qui
1125 975 1270 1040 praesunt

208 1055 400 1126 civitatibus,
420 1043 501 1132 xquos
524 1062 612 1116 etiarn
636 1075 720 1116 suam
737 1061 945 1118 auctoritatem
962 1061 997 1114 ad
1014 1060 1137 1130 gloriam
1155 1056 1270 1113 Christi

115 1167 118 1173 ·
196 1149 346 1232 ¹coni'srre
364 1150 503 1222 oportuit.
539 1150 723 1206 Asiarchae
746 1163 865 1222 semper
887 1158 1011 1220 egerunt
1034 1149 1218 1216 adversarii,¹
1238 1155 1271 1204 et

208 1240 232 1293 si
245 1255 318 1310 ques
331 1250 499 1312 proponent
514 1241 748 1308 moderationes,
762 1239 996 1312 praecipuehoc
1010 1240 1105 1295 sctttri
1117 1239 1269 1308 videnum,

207 1336 241 1382 ut
258 1339 379 1410 nostros
394 1329 576 1398 distrahant,
600 1347 661 1385 non
687 1329 778 1400 ignari
794 1331 949 1388 concionis
967 1329 1110 1387 Eumenis
1128 1329 1165 1382 de
1183 1329 1270 1384 Anti.
1333 1375 1335 1390 ,

208 1434 305 1488 gono,
331 1419 361 1473 in
384 1435 441 1492 qus
463 1413 510 1475 iiie
535 1419 671 1476 narrabat
692 1418 862 1494 apologum.
902 1419 967 1475 Leo
993 1419 1138 1493 quispiam
1163 1431 1268 1473 amens
1333 1423 1334 1426 ’

207 1509 333 1578 pastoris
351 1507 438 1565 liliam
456 1511 601 1581 puellam,
623 1511 725 1583 petivit
747 1510 804 1567 sibi
827 1525 893 1565 eam
914 1509 974 1564 dari
996 1523 1143 1578 uxorem,
1167 1516 1268 1563 narrat

207 1615 341 1654 amorem
358 1615 462 1669 suum,
485 1599 612 1672 ideoque
632 1601 792 1672 promittit,
816 1599 931 1672 puellae
947 1597 1020 1656 nihil
1038 1599 1101 1654 iore
1119 1598 1266 1671 periculi,

135 1689 138 1696 ⁴
207 1689 261 1745 sed
278 1690 424 1772 victuram
441 1701 506 1745 tuto
530 1701 560 1746 et
575 1691 707 1746 suaviter
723 1691 799 1762 apud
817 1691 924 1761 ipsum.
956 1687 1067 1745 Pastor
1084 1688 1267 1762 respondet,

208 1779 289 1835 iniria
306 1782 414 1836 amoris
432 1777 598 1837 ardentiora
615 1795 702 1848 esse,
721 1789 824 1850 postea
842 1782 931 1851 sae'pe
948 1779 1077 1834 incidere
1094 1781 1175 1835 rixas
1188 1780 1268 1836 inter

208 1882 349 1926 amantes.
384 1869 475 1948 Quod
493 1871 517 1926 si
534 1871 611 1927 inrer
627 1871 724 1944 ipsum
742 1879 772 1928 et
788 1870 917 1943 puellam
939 1869 1106 1936 accideret,
1129 1879 1266 1924 metuere

208 1975 242 2015 se
258 1975 371 2031 ungues
389 1973 419 2017 et
435 1961 537 2018 dentes
555 1962 661 2018 leonis.
695 1961 767 2016 Abit
783 1961 873 2030 igitur
894 1961 957 2029 leo,
983 1975 1018 2014 ac
1043 1961 1145 2016 dentes
1170 1961 1265 2016 eximi

199 2047 245 2106 'ac
268 2051 398 2106 truncari
421 2067 534 2122 ungues
554 2060 655 2120 curat,
680 2061 785 2124 postes
809 2051 846 2105 ad
868 2060 1017 2122 pastorem
1038 2046 1132 2116 redit,
1158 2051 1266 2106 iter-uus
1333 2067 1335 2094 1

208 2142 283 2214 petit
299 2141 412 2212 puellae
429 2143 556 2214 nuptias.
590 2141 701 2199 Pastor
717 2149 750 2197 ut
766 2139 841 2197 vidit
856 2141 976 2196 leonem
993 2151 1179 2196 exarmatum
1194 2156 1265 2198 esse

208 2229 356 2301 unguibus
374 2242 403 2287 et
420 2229 575 2298 dentibus,
599 2231 676 2288 iuste
694 2247 762 2288 eum
779 2231 894 2288 multat.
920 2231 972 2286 'Ita
995 2227 1101 2287 videtis
1125 2233 1266 2286 adversa.

207 2321 269 2378 rios
285 2323 311 2376 id
325 2333 430 2392 agere,
447 2334 478 2378 ut
491 2323 623 2392 singulos
635 2321 760 2377 nudatos
774 2319 925 2394 praesidiis
937 2323 1117 2394 opprimant.
1150 2319 1265 2376 Verum

210 2413 238 2467 id
256 2413 383 2470 viderint
400 2413 451 2482 illi,
470 2413 504 2469 ati
523 2429 600 2486 quos
616 2413 692 2470 haec
709 2429 779 2468 cura
796 2411 935 2485 pertinet.
968 2411 1118 2468 Nostrum
1131 2422 1177 2466 est
1192 2427 1268 2468 con.

209 2490 344 2558 stantiam
362 2504 390 2560 iu
407 2503 529 2560 dicenda
545 2521 615 2559 vera
631 2503 776 2566 sententia
793 2511 958 2575 praestare,
984 2510 1013 2558 et
1037 2503 1185 2556 emulatus
1205 2519 1263 2574 pro

206 2593 319 2649 Christi
336 2592 427 2664 gloria
451 2610 512 2650 non
535 2593 691 2664 defugere,
718 2594 743 2664 sj
769 2593 865 2648 rabies
890 2591 1128 2648 adversariorum
1149 2607 1206 2666 uos
1227 2593 1264 2649 ad

208 2681 350 2755 supplicia
367 2683 467 2757 rapiet.
501 2683 584 2740 Haec
601 2684 778 2756 scripsimus
791 2683 825 2738 ad
838 2684 1022 2755 rosoptimo
1034 2692 1064 2736 et
1076 2667 1262 2742 amicissimo

208 2772 322 2836 animo,
348 2789 382 2827 ac
406 2775 551 2845 petimus,
576 2783 609 2829 ut
631 2772 786 2846 epistolam
811 2782 943 2828 nostram
960 2771 1032 2828 boni
1049 2773 1212 2828 consuletis
1230 2787 1265 2829 sc

205 2859 295 2918 nobis
313 2879 402 2934 quarn
418 2865 547 2936 primum
563 2861 778 2936 respondeatis.
812 2861 895 2918 Beue
911 2860 1016 2916 valete.

857 3021 1009 3120 Martinus
1031 3021 1198 3080 Lutherus.

857 3151 965 3208 Justus
987 3149 1096 3207 donas.

780 3255 783 3260 Ι
859 3279 1016 3338 «lohannes
1039 3282 1260 3354 Bugeahagius.

860 3411 1014 3489 Ph'dippus
1032 3411 1222 3470 Melanthos.
