2638 4498
272 259 331 336 'sat
407 225 414 236 ⁴
695 325 702 350 ,
755 265 847 340 asle.

339 426 465 487 Gaudeo
484 437 512 486 te
528 417 689 491 'liberatum
707 447 722 486 a
740 431 861 505 Creytio
885 437 1027 502 tyranno,
1053 437 1083 485 et
1104 415 1190 501 opto,
1208 425 1279 484 melia

269 519 310 574 sit
333 519 382 590 qui
408 521 447 574 illi
469 523 629 577 successit.
656 521 735 592 ‘Ego
753 537 873 594 quoque
889 523 977 575 video
995 518 1139 574 avaritiam
1162 517 1278 574 nobilitati

271 604 340 663 e's'se
357 611 550 678 immensam,
560 612 617 683 ·qui
637 621 740 680 agunt,
759 621 792 667 ut
802 609 957 682 Principes
971 609 1029 665 siat
1041 609 1163 663 mendici
1174 609 1279 678 ipsorum

270 699 326 770 ipsi
346 702 405 754 sint
421 700 581 773 Principis.
595 704 619 764 ¹)
655 701 801 777 Quamvis
814 703 843 756 in
855 701 994 756 omnibus
1007 699 1155 755 ordinibus
1164 698 1280 753 hominm

270 790 362 844 fuerit
377 791 494 846 avaritia
511 791 669 861 indomita,
690 795 728 849 ita
746 792 855 859 uthcc
873 791 969 864 ipsum
987 807 1056 846 esse
1073 805 1161 844 unam
1179 788 1211 843 de
1224 787 1280 858 signi

257 883 398 938 'extremi
415 881 472 938 diei
483 881 556 938 mihi
568 875 654 938 valde
663 868 874 955 'pemuadeam
892 882 975 953 quasi
989 880 1116 937 mundus
1127 880 1154 937 ic
1166 879 1241 934 senio
1249 885 1281 933 lu

269 977 301 1026 et
317 971 421 1028 ultimo
440 989 620 1044 paroxysmo
637 974 762 1042 deliret,
789 984 818 1028 et
834 959 908 1029 mox
925 973 964 1028 sit
982 972 1146 1046 periturus,
1168 978 1200 1024 ut
1218 967 1281 1024 ades

181 1071 188 1086 ’
268 1063 405 1119 morituri
423 1063 552 1136 quidam.
587 1063 643 1120 Sed
662 1065 739 1134 haec
756 1063 837 1121 alias.
934 1055 938 1061 ’

335 1209 424 1266 Nova
442 1213 532 1274 credo
552 1222 581 1266 te
597 1213 695 1270 omnia
712 1227 822 1281 nosse,
848 1209 1105 1284 quomodoPapa
1125 1209 1224 1265 foedos
1240 1219 1281 1260 cua

269 1295 373 1356 Turoa
390 1302 503 1368 inierim
522 1315 551 1356 et
562 1303 651 1360 Gallo
664 1312 694 1360 et
709 1303 851 1368 Venetis,
869 1293 1029 1357 bellaturus
1042 1309 1143 1356 contra
1153 1299 1280 1354 Caeam

271 1389 377 1450 Gallus
401 1402 521 1464 portum
546 1393 634 1448 maris
659 1393 739 1447 dedit
761 1393 981 1458 Barbarossae,
1006 1391 1154 1462 praelecto
1169 1387 1280 1444 Turoioe

269 1481 389 1551 classis,
421 1485 476 1556 qui
499 1484 632 1538 aedificat
657 1483 697 1538 ibi
724 1483 865 1555 templum
895 1481 1145 1537 Mahometicum.
1184 1479 1210 1533 Ο
1233 1475 1280 1529 clad

270 1572 481 1628 stianissimum
499 1575 615 1652 regem!
641 1592 659 1629 o
677 1573 897 1646 sanctissimum
919 1574 1047 1643 patrem!
1064 1573 1089 1636 2)
1114 1587 1133 1625 o
1154 1567 1280 1625 catholicis

271 1662 365 1718 simos
383 1663 532 1719 Venetos!
565 1661 622 1720 Ubi
641 1680 720 1718 nuno
738 1671 808 1718 sunt
824 1662 967 1736 pecuniae
990 1657 1198 1718 illaeiinlinita'e
1212 1664 1279 1712 ccam

270 1751 421 1822 Tuccam,
439 1770 478 1809 ex
490 1753 600 1826 palliis,
617 1754 740 1821 annalis,
758 1751 1042 1819 confessionalibus,
1059 1747 1234 1830 indulgentiis
1245 1756 1277 1800 ut

270 1842 438 1898 collectae?
479 1843 597 1901 Scilicet
625 1859 680 1916 pro
711 1843 813 1898 Turca
842 1852 946 1898 contra
973 1841 1151 1896 christianos
1177 1835 1276 1894 sertim

268 1933 359 1988 Vides
383 1934 480 2006 itaque
503 1934 646 1988 mundum
665 1935 830 1988 accelerare
847 1933 892 1988 sui
910 1933 1012 1998 linem,
1039 1943 1069 1986 et
1085 1942 1117 1986 ut
1133 1924 1277 2003 philosophi

237 2059 239 2066 ι
270 2023 354 2088 dicit,
378 2035 492 2080 motum
517 2026 679 2080 naturalem
702 2027 730 2080 in
756 2023 899 2098 principio
923 2025 1099 2092 tardiorem,
1122 2023 1154 2100 in
1167 2021 1217 2076 fiae
1228 2016 1276 2071 reio

270 2115 425 2171 cissirnom
450 2132 532 2192 esse.⁴
562 2115 621 2170 Sed
646 2117 722 2172 haec
746 2116 872 2190 sonasse
897 2117 1025 2182 lntstra,
1049 2129 1119 2169 cum
1140 2127 1179 2168 ex
1199 2109 1276 2164 dtas

269 2205 381 2261 habere
400 2208 506 2278 possis.
540 2207 590 2263 Ex
610 2207 693 2279 Spita
710 2206 867 2274 scribitur,
893 2204 1065 2275 Principem
1083 2214 1210 2259 nostrum
1223 2213 1274 2254 etc

270 2304 355 2368 ptum
373 2313 388 2349 a
406 2297 533 2352 Caesare
551 2297 799 2362 clementissime,
823 2295 921 2350 missis
940 2295 966 2350 ei
983 2295 1101 2350 obviam
1118 2287 1275 2350 Ftidricol'u

270 2383 378 2453 latino,
398 2403 466 2441 cum
480 2387 626 2457 primariis
640 2389 721 2442 aulae
734 2387 915 2454 Caesareae,
933 2385 1086 2458 fuisseque
1098 2400 1200 2458 pompa
1212 2375 1275 2448 iadau

254 2475 449 2546 deductum,
475 2487 505 2550 et
527 2477 693 2548 ingressum
717 2477 840 2533 urbem:
868 2477 954 2533 Deus
972 2475 1023 2531 det
1039 2475 1199 2532 feliciorem
1212 2471 1276 2533 ileu,

269 2567 379 2622 Amen.
413 2565 479 2622 Alia
495 2567 584 2634 alias,
601 2567 650 2622 ubi
669 2569 751 2638 plum
768 2567 884 2638 sciero,
907 2567 953 2620 vel
974 2583 1028 2638 per
1043 2581 1092 2620 me
1110 2565 1200 2636 ipsum
1215 2570 1276 2616 mm

269 2671 439 2712 narravero.
472 2655 605 2714 Turdam
623 2656 724 2713 dicunt
742 2671 809 2712 esse
831 2663 1000 2723 mortuum,
1024 2665 1053 2710 et
1076 2655 1150 2710 lilios
1170 2653 1203 2709 de
1222 2661 1276 2716 nul

271 2757 436 2803 certaturos
455 2762 531 2805 esse.
565 2747 632 2802 Hoc
648 2748 759 2803 utinam
776 2763 881 2802 verum
898 2747 954 2815 sit,
973 2763 1040 2802 nam
1052 2745 1151 2806 ethoc
1162 2741 1278 2818 pennas

271 2839 309 2898 ad
326 2839 406 2908 signa
432 2825 485 2894 alia
508 2839 608 2894 mundi
633 2854 707 2894 mox
731 2839 864 2909 perituri.
897 2838 970 2893 Vale
989 2838 1018 2895 in
1043 2838 1190 2906 Domino,
1213 2832 1277 2906 quita

270 2928 411 2996 roboret,
438 2940 467 2985 et
490 2931 568 2984 hanc
589 2940 668 2985 tuam
687 2930 882 3002 captivitatem
901 2929 999 2984 carnis
1017 2931 1105 2985 faciat
1117 2927 1169 2988 ,tibi
1184 2917 1277 2983 suavifi-

270 3033 355 3076 mum
373 3021 539 3092 paradisum
557 3020 670 3088 videri,
694 3021 761 3091 quia·
782 3019 928 3076 voluntati
951 3019 1015 3090 ejus
1039 3020 1116 3075 bene
1137 3011 1275 3092 placitaeiu

271 3109 367 3164 servis
394 3108 423 3166 in
450 3109 505 3165 isla
533 3109 686 3171 functione
713 3109 894 3182 episcopali,
919 3111 1027 3166 Arnen.
1070 3109 1178 3167 Octava
1199 3099 1275 3164 Muli,

271 3194 453 3268 ltuxtatv.

426 3311 438 3342 ⁸
747 3313 786 3372 Τ.
805 3313 847 3370 D.
929 3300 944 3322 ⁸

551 3434 554 3442 “
868 3421 981 3479 deditos
990 3419 1149 3508 ”Martinus
1164 3417 1260 3493 Lutheo

273 3779 801 3819 *mo-*m-

274 3863 342 4016 μ”ιι
357 3885 417 4012 {quja
431 3883 568 3947 Principes,
582 3892 633 3943 aas
646 3889 712 3942 tlara
726 3891 808 3945 tritta
817 3891 885 3943 clara
899 3891 957 3948 alut.
985 3893 1017 3947 a)
1032 3893 1077 3948 {tra
1086 3883 1275 3950 mammam

307 3968 359 4004 cem
385 3991 389 4002 .
405 3990 412 4006 .
