2682 4508
555 252 646 324 ista.
1024 312 1035 336 ,
1062 220 1128 322 ist

434 332 455 374 s

66 401 218 483 sapientes
236 411 383 486 potentin
408 415 490 485 virga
514 415 625 472 tuturis
650 403 785 474 visitare:
802 409 829 482 ¹)
852 389 940 485 Deus
965 413 1054 480 tollat
1069 390 1126 470 nos

50 497 137 560 'ante
164 504 270 559 taciem
295 503 491 564 calliditatum
508 506 570 572 ²)
562 524 592 562 m
611 521 697 578 pace
728 507 850 562 Interim
866 520 922 575 nos
940 508 1045 562 snitum
1062 506 1128 582 plo.

65 597 170 648 remus
187 601 312 666 peecata
324 606 427 652 nostru
439 605 468 652 et
481 595 677 666 Germaniae,
694 607 725 652 et
736 613 873 666 oremus,
891 606 922 672 et
934 595 1126 668 humiliemus

65 683 110 738 llli
122 683 235 740 enimes
245 695 382 752 nostrus,
399 686 540 743 instantes
554 686 653 742 officio
664 691 779 754 nostro,
797 685 947 756 docendo,
964 687 1127 768 arguerim),

65 772 255 830 consulando
272 775 341 831 totis
358 775 482 833 viribus.
517 777 598 852 Quid
610 757 685 833 aliud
702 768 930 849 possumus?³)
965 773 1127 868 Germania
1219 783 1220 786 ’

6 890 9 901 ·
64 863 240 935 obsurduit,
258 875 352 924 coeca
369 877 431 934 est,
448 866 602 924 incrassati
620 868 721 924 cordis
738 879 802 938 est,
820 878 853 922 ut
870 880 989 940 sperare
1002 851 1078 934 7)
1051 879 1127 969 con.

23 971 26 975 ’
63 966 111 1011 tra
128 971 212 1028 spem
229 947 261 1024 5)
277 955 365 1012 nobis
382 974 442 1012 non
459 957 557 1014 liceat.
588 957 639 1014 De
655 957 717 1014 hoe
734 950 762 1024 ⁶)
783 959 864 1014 satis.
915 953 917 962 ’

107 1062 183 1145 ¹Du
202 1079 274 1137 quo
302 1063 427 1132 audisti,
443 1056 509 1131 7)
501 1082 531 1120 m
557 1061 681 1122 Ducatu
702 1061 962 1136 Wirteubergeusi
989 1079 1051 1119 uon
1078 1075 1126 1120 est
1153 1083 1155 1090 ¹

60 1149 291 1218 Schwenkfeld,
307 1153 389 1212 hunc
405 1154 483 1210 euim
498 1155 613 1226 expulit
625 1153 717 1210 Dux:
734 1152 789 1210 'sed
800 1153 875 1210 levis
887 1150 1123 1226 quidnmhhmc,

42 1242 120 1314 ·qui
135 1231 240 1297 ‘Mohr
263 1242 387 1309 dicitur,
410 1241 497 1299 miles
521 1240 689 1314 gregarius,
715 1241 855 1316 Philippu
880 1243 1123 1311 nctus,·nullius

62 1330 241 1388 autoritatis.
275 1332 331 1386 Sed
351 1329 515 1400 inditione,
526 1329 784 1404 limburgensi,
805 1324 837 1388 ut
852 1331 957 1390 scribit
972 1331 1124 1389 Wences.

59 1419 148 1488 leus,
166 1420 286 1494 quidam
303 1420 480 1492 Capelianus
500 1422 656 1494 poriigens
676 1433 895 1478 sacramentum
910 1421 941 1480 in
959 1421 1122 1492 cochleari,
1176 1467 1178 1472 ,

61 1527 138 1567 oum
155 1513 273 1567 deesset
290 1511 384 1581 culix,
405 1513 454 1568 his
470 1512 569 1568 verbis
587 1527 661 1567 usus
678 1512 800 1568 dicitur:
829 1511 923 1574 illati
932 1509 999 1581 1)an
1023 1513 1074 1574 hed
1082 1510 1122 1579 ili

61 1602 113 1660 let
137 1599 225 1669 ttici
248 1600 296 1660 let
319 1601 415 1672 utute
438 1598 618 1668 uelamenti.
650 1601 725 1664 Vide
749 1602 895 1710 ridentem
918 1614 949 1658 et
969 1601 1123 1659 ludentem

61 1691 226 1749 Seianam
218 1709 248 1747 m
266 1707 297 1749 re
313 1703 373 1748 tam
391 1693 546 1748 udorundn.
538 1669 647 1760 7)

130 1797 183 1858 Ex
202 1797 329 1870 Ungaria
351 1799 502 1856 scribitur.
537 1799 656 1856 Turcas
680 1798 828 1872 appulisse
851 1797 967 1856 Bullam
990 1809 1120 1856 numero

62 1891 166 1959 00000,
191 1899 221 1945 et
242 1888 340 1962 ipsunt
364 1887 773 1962 tyrannumsuhsequeutem
795 1889 824 1945 in
839 1889 942 1946 itinere
962 1905 1041 1946 esse.
1072 1888 1120 1945 In.
1189 1929 1191 1934 -
1257 1864 1260 1870 .

12 2043 14 2046 ,
61 1991 148 2036 teres
173 1995 230 2038 uos
248 1979 346 2036 securi
370 1990 400 2036 et
416 1988 577 2059 stertentes
592 1992 693 2034 mutua
717 1978 784 2035 odia
806 1990 836 2034 et
853 1980 981 2035 iretemn
998 1979 1121 2037 vulnera

58 2071 287 2136 machinamur,
299 2061 327 2134 ⁹)
344 2068 388 2126 sie
404 2071 537 2143 peccetis
554 2071 665 2130 nostris
681 2084 738 2144 nos
756 2067 947 2145 rapientibus.
959 2070 998 2138 ¹⁰)
1030 2071 1119 2126 Deus

60 2163 242 2218 misereatur
257 2161 371 2230 nostri,
392 2163 501 2221 Amen.
545 2209 553 2240 ,-

130 2267 183 2324 De
208 2267 369 2323 Carlslsdio
393 2285 463 2322 vera
488 2278 573 2338 sunt,
600 2283 676 2340 quse
701 2267 818 2340 scripsi.
840 2265 872 2335 ⁴)
904 2265 994 2324 Nosti
1020 2278 1119 2344 autem

9 2392 14 2402 ·
60 2359 196 2436 hominis
213 2358 379 2428 ingenium,
397 2368 430 2413 ut
444 2358 552 2414 mirum
569 2375 629 2430 non
647 2359 700 2427 sit,
716 2358 743 2414 si
755 2358 872 2420 tandem
885 2373 941 2429 pro
953 2358 1039 2414 laetis
1050 2360 1118 2429 ejus

62 2451 114 2506 diu
132 2447 263 2505 toleratis
280 2449 310 2504 in
329 2448 464 2520 patientia
480 2447 540 2505 Dei
562 2447 678 2522 dignam
701 2449 873 2502 mercedem
895 2447 1060 2516 invenerit,
1084 2457 1119 2504 ut

60 2539 138 2595 dicit
154 2537 307 2614 Salomon:
324 2537 389 2616 Qui
403 2527 715 2605 malmundariu,
732 2542 861 2593 corruet
874 2537 911 2602 in
929 2535 1068 2614 molum,
1086 2549 1118 2594 et

60 2637 139 2686 ante
156 2629 379 2686 contritionem
396 2627 564 2682 exaltatur·
580 2645 638 2684 cor·
653 2625 802 2684 hortinis.
823 2675 832 2685 ..

130 2737 187 2790 Sed
204 2735 240 2790 sd
256 2746 285 2790 te
303 2734 404 2791 redeo.
438 2735 488 2790 Tu
505 2735 590 2790 fortis
608 2745 692 2804 esto,
719 2747 748 2788 et
765 2733 925 2791 nobiscum
940 2736 1047 2806 gratias
1063 2749 1117 2807 age

58 2825 200 2884 Domino
217 2826 253 2892 11)
271 2842 326 2896 pro
343 2839 395 2879 sua
413 2833 512 2879 sanctu
528 2824 704 2892 vocatione,
722 2837 780 2896 qua
797 2839 853 2879 uos
870 2822 1118 2896 dignutus·est'¹²)

59 2933 221 2986 segregare
239 2914 274 2970 sla
293 2915 356 2970 istis
373 2913 495 2986 perditis
514 2925 543 2970 et
560 2913 749 2987 perdentibus
766 2913 954 2986 hominihus,
973 2927 1003 2970 et
1019 2916 1116 2973 insue

58 3006 157 3064 verbo
175 3021 250 3080 puro
268 3012 298 3061 'et
315 3015 419 3062 sancto
436 3021 529 3078 puros
546 2993 576 3060 e't
598 3003 874 3074 irreprehensibiles
891 3001 932 3072 ²³)
954 3005 1118 3062 custodivit
1223 3027 1226 3048 ι

60 3109 94 3155 et
112 3096 259 3170 custodiet
271 3094 301 3151 iu
319 3093 418 3151 finstn.
437 3093 535 3150 =Flete
548 3094 618 3149 licet
627 3110 683 3166 pro
695 3091 823 3160 inimicis
835 3094 933 3151 crucis
942 3087 983 3162 ²⁴)
994 3093 1115 3164 Christi,

54 3345 64 3355 ’·
113 3351 134 3402 ι)
148 3351 177 3394 A.
191 3345 299 3393 lettere.
325 3345 370 3400 m.
379 3331 491 3403 u.-i1n
503 3356 553 3402 sap.
567 3347 614 3390 eu.
663 3343 726 3395 ιιι.
740 3341 820 3392 unu.
834 3341 985 3390 natantum.
1034 3343 1115 3398 nus.

60 3421 90 3468 tt.
105 3420 235 3480 possimus.
278 3423 300 3471 tl
314 3417 528 3476 Aspunhaierc.
549 3415 629 3464 utun.
643 3425 739 3473 spente.
748 3428 784 3474 sp.
795 3415 864 3462 nohis
874 3409 970 3463 trahere.
1014 3417 1038 3470 s)
1050 3417 1112 3468 εδει).

61 3503 92 3543 A.
107 3493 182 3549 this.
228 3491 344 3548 illisit
358 3501 413 3556 quo.
459 3489 574 3542 tministt
589 3487 712 3537 audivisti.
758 3490 854 3540 sled
863 3487 1114 3539 -llehoctstlsetu

60 3573 127 3623 9)A.
141 3569 195 3623 ‘set
208 3565 305 3612 insanis
318 3567 358 3618 (ll
384 3564 444 3614 edi
458 3568 484 3610 et
496 3562 593 3618 inpleta
643 3564 717 3616 liin.
732 3563 1115 3615 teteuretsensumauleretu

62 3645 134 3690 liius.
172 3645 208 3688 ιι
222 3641 281 3691 ehu
294 3639 357 3686 ilco.
394 3635 503 3691 ti'itht
512 3635 665 3694 discuteret.
701 3635 812 3690 tiled
821 3632 966 3722 spirltuslcs.
1004 3639 1038 3692 illl
1051 3638 1112 3692 their.

61 3714 229 3776 perlulnert.

63 3847 282 3870 Μ

112 3957 135 4007 ·ι
158 3949 192 4002 c.
211 3947 257 4000 uo.
271 3947 383 3998 ιιιιινι
408 3943 543 3996 ιιιιιιιιι.
609 3949 630 4011 η
