2672 4518
11 311 15 332 ,
111 295 114 300 -
197 257 256 369 lbi
680 257 778 334 trit..

194 435 279 474 rare:
305 418 344 474 di
364 418 437 494 quir
459 415 552 474 alind
573 418 789 493 Euanqelium
810 418 973 490 docuerit,
1001 417 1178 476 mathema
1203 413 1260 474 sit.

193 507 264 572 Neo
281 509 321 564 illl
337 521 456 566 comtes
469 506 624 568 Ecclesiae
642 510 790 578 ornaturi,
806 512 862 567 sed
875 510 1015 566 vastaturi
1029 511 1128 582 potius
1142 522 1259 568 essent.
1321 525 1328 537 ¹

193 597 252 656 sed
268 599 293 655 ai
310 599 360 671 qui
378 599 659 670 essentsEpiscopi,
684 600 736 672 qni
760 609 793 654 ut
809 600 893 656 Raab
909 613 1087 658 vererentur
1105 585 1260 673 judicium

193 689 271 758 Dei,
289 701 318 744 et
335 689 484 762 respicere
495 691 621 744 miseras
632 687 789 745 Ecclesiae
801 707 834 744 ac
846 691 987 762 patriam,
1005 692 1142 764 amplecti
1154 691 1260 748 Euan.

193 783 303 854 pelium
321 793 445 854 propter
460 781 582 852 gloriam
599 780 708 836 Christi
734 791 765 838 et
789 797 877 836 suum
900 781 1028 839 officium
1052 793 1134 839 recte
1155 784 1260 854 faeere

193 872 322 948 vellent;
339 886 408 926 cum
424 870 473 926 liis
491 869 528 924 de
544 869 713 942 adiaphoris
731 870 817 924 facile
837 872 916 926 foret
928 872 1109 941 contenire,
1126 882 1159 930 ut
1172 891 1258 930 nunc

192 979 315 1036 quoque
328 949 583 1018 dissimilitudines
593 961 623 1026 in
637 959 742 1016 ritibus
754 960 923 1033 adiaphoris
936 963 1046 1034 passim
1059 962 1129 1020 boni
1143 979 1259 1021 consu.

191 1054 296 1120 limus,
311 1053 405 1108 modo
421 1061 455 1108 ut
471 1049 549 1106 absit
566 1051 717 1122 impletas,
735 1060 765 1105 et
782 1051 944 1107 retineatur
960 1053 1114 1120 doctrinae
1131 1054 1258 1126 puritas.

257 1142 441 1200 Meministis
456 1139 545 1197 Attali
557 1139 732 1210 Pergameni
748 1139 915 1197 historiam.
945 1142 1023 1198 Cum
1041 1144 1192 1217 quispiam
1205 1146 1258 1202 Al.

192 1232 323 1288 eibiades
342 1230 471 1304 quodam
488 1229 659 1286 inconsulto
677 1228 774 1284 studio
791 1227 906 1302 pietatis
926 1247 1035 1287 novam
1054 1243 1081 1288 et
1100 1235 1256 1292 duriorem

192 1322 291 1378 victus
308 1322 453 1380 rationem
470 1319 526 1375 sibi
543 1303 780 1390 praescriberet,
798 1335 832 1374 ac
851 1320 983 1390 quotidie
999 1332 1112 1376 tantum
1128 1341 1206 1395 pane
1223 1335 1258 1381 et

192 1413 254 1470 sale
271 1421 459 1474 vesceretur,
485 1419 516 1464 et
531 1406 701 1480 'pauxillum
725 1425 816 1480 aquae
836 1408 971 1480 biberet,
1000 1413 1115 1486 Attalus
1131 1415 1257 1488 Martyr

191 1493 305 1560 missus
321 1502 352 1558 in
364 1516 521 1562 ¹carcerem
538 1499 695 1566 divinitus,
714 1489 822 1569 ¹jussus
847 1512 893 1555 est
910 1501 1056 1557 Alcibiadi
1076 1503 1196 1576 dicere,
1212 1501 1257 1565 'ut

120 1597 121 1605 ’
192 1591 404 1649 communibus
421 1589 496 1644 cibis
516 1601 661 1644 vescatur.
696 1587 735 1644 Et
753 1589 825 1662 ratio
843 1589 959 1661 adjecta
976 1579 1037 1661 est,
1056 1611 1093 1648 ne
1108 1597 1256 1655 scandalo

114 1707 118 1714 ¹
192 1684 231 1740 sit
247 1681 481 1750 fratribus,'hoc
493 1690 557 1746 est,
574 1695 613 1734 ne
630 1681 676 1734 alii
695 1680 833 1736 rudiores
850 1682 1029 1738 admirantes
1047 1683 1124 1738 banc
1141 1701 1255 1742 novam

191 1781 224 1829 'et
245 1773 446 1845 prodigiosam
468 1771 716 1826 consuetudinem
726 1809 735 1839 ,
762 1772 942 1864 arbritentur
959 1773 1024 1827 talia
1041 1791 1133 1845 opera
1150 1776 1254 1834 cultus

192 1877 276 1929 esse,
295 1873 324 1918 et
341 1861 553 1918 obliviscantur
570 1859 736 1916 doctrinam
754 1861 887 1918 deveris
905 1862 1044 1918 cultibus.
1146 1868 1149 1872 ’

258 1953 426 2009 Laudamus
442 1952 528 2020 igitur
544 1961 573 2006 et
588 1967 645 2006 nos
662 1966 734 2020 eos,
760 1952 810 2023 qui
838 1952 926 2008 etiam
948 1953 978 2006 in
995 1953 1163 2025 adiaphoris
1179 1955 1255 2012 abo.

82 2105 84 2108 ,
130 2091 139 2120 Α,
190 2045 254 2100 lent
271 2045 344 2098 ritus
361 2043 491 2114 ineptos,
518 2050 551 2096 ut
569 2041 704 2113 jejunia,
729 2058 805 2113 quae
829 2042 938 2114 aliquid
958 2043 1069 2099 erroris
1095 2045 1256 2110 offundunt

155 2130 159 2138 ’
189 2133 344 2206 imperitia.
378 2133 435 2188 Sed
451 2144 549 2188 tamen
567 2131 607 2188 de'
620 2142 679 2187 tota
691 2133 790 2187 forma
801 2132 922 2204 politiae
935 2133 1159 2200 ecclesiasticae
1173 2134 1253 2192 inter

190 2225 260 2297 pios
283 2234 354 2280 tunc
379 2221 600 2279 deliberandum
618 2223 691 2289 erit,
716 2222 742 2303 si
770 2223 821 2294 qui
846 2232 934 2278 erunt
958 2225 1010 2294 qui
1035 2225 1252 2297 amplectentur

190 2310 399 2385 Evangelium.
435 2314 515 2372 Nam
541 2324 570 2368 et
594 2313 688 2368 forma
714 2311 907 2371 ordinationis
931 2314 1105 2384 corrigenda
1131 2329 1194 2382 est,
1219 2329 1253 2376 et

192 2406 314 2462 tollendi
332 2421 463 2462 canonas
481 2415 510 2459 et
528 2403 667 2474 digamia,
688 2414 718 2458 et
737 2403 936 2460 emendandae
953 2414 1040 2460 erunt
1054 2403 1135 2474 leges
1152 2408 1252 2479 ponti.

189 2495 273 2550 ticine
291 2495 328 2550 de
345 2495 490 2550 divortiis.
524 2494 573 2550 Ne
597 2502 726 2570 possunt
749 2493 870 2565 quidem
896 2493 1044 2550 durabiles
1063 2512 1130 2550 esse
1149 2497 1249 2568 leges,

188 2602 267 2658 quae
283 2603 345 2642 non
361 2594 430 2642 sunt
445 2585 583 2642 divinitus
601 2583 732 2640 traditae.
766 2583 909 2640 Hortandi
927 2585 1013 2640 etiam
1031 2599 1117 2642 erum
1134 2587 1191 2656 illi,
1213 2597 1250 2645 ut

188 2677 376 2732 ceremonias
400 2671 557 2732 theatricas
581 2686 612 2730 et
634 2674 765 2744 indignas
791 2673 948 2730 christiana
967 2676 1108 2745 gravitate
1126 2678 1247 2747 tollant,

191 2767 278 2821 etiam
297 2761 460 2838 exemplis,
482 2767 585 2838 quales
604 2777 674 2822 sunt
691 2775 852 2822 statuarum
868 2767 1051 2835 gestationes
1070 2779 1100 2826 et
1116 2767 1188 2826 aliae
1206 2768 1248 2824 si.

189 2855 286 2912 miles.
321 2856 486 2929 Sequemur
501 2873 561 2912 non
573 2854 706 2924 ethnica,
724 2855 778 2912 sed
790 2855 955 2928 apostolica
967 2859 1114 2928 exempla,
1130 2866 1159 2914 et
1170 2873 1250 2913 ame

188 2961 258 3002 mue
276 2945 412 3002 divinitus
426 2946 544 3002 traditas
560 2937 763 3015 ceremonias,
781 2929 906 3018 duarum
924 2963 1039 3002 summa
1057 2959 1103 3004 eet
1117 2950 1245 3019 gravitas

189 3047 221 3092 et
237 3037 357 3096 utilitas.
382 3027 494 3092 Sonent
510 3037 547 3092 in·
557 3037 676 3106 templis
688 3041 753 3108 piae
764 3039 935 3093 eteruditae
947 3038 1120 3105 conciones,
1139 3038 1248 3098 babent

187 3126 320 3200 populus
337 3123 513 3196 cantilenas,
530 3141 569 3182 ex
587 3127 696 3199 quibua
713 3127 825 3196 discat,
843 3127 909 3182 liant
928 3129 1117 3200 precationes
1135 3130 1243 3200 seriae,

190 3217 360 3274 celebretur
374 3219 497 3288 synaxis
507 3257 516 3285 ,
537 3217 654 3289 quoties
672 3207 711 3290 pii
729 3219 954 3274 Sacramentum
971 3229 1088 3290 petunt.
1122 3219 1181 3275 Sed
1197 3237 1246 3280 un„

189 3310 305 3364 tecedat
323 3307 435 3380 privata
451 3307 616 3374 absolutio,
638 3323 714 3379 quae
742 3309 841 3363 multis
868 3309 904 3373 de
929 3309 1026 3364 causis
1048 3310 1199 3366 retinenda
1215 3321 1247 3366 et

192 3397 369 3457 restituenda
388 3407 443 3454 est.
477 3396 662 3454 Restituatnr
680 3408 710 3453 et
727 3400 1021 3466 excommunicatio,
1043 3417 1106 3456 non
1127 3413 1167 3463 ut
1179 3410 1245 3456 ante

190 3494 221 3550 in
238 3491 338 3558 litibus
356 3505 456 3546 rerum
472 3491 685 3563 profanarum,
702 3490 754 3546 aad
772 3491 808 3546 de
825 3491 940 3562 flagitiis
958 3489 1138 3560 manifestis,
1163 3491 1245 3548 adhi.

136 3601 139 3608 ’
189 3581 260 3638 bitis
278 3581 307 3636 in
324 3579 384 3634 bec
398 3581 545 3651 judicium
555 3577 724 3634 senioribus
737 3580 766 3634 in
776 3559 907 3652 'qualibm
919 3579 1068 3636 Ecclesia
1102 3582 1165 3636 Hae
1178 3590 1246 3638 sunt

191 3689 296 3743 graves
319 3683 347 3726 et
368 3671 555 3728 necessariae
578 3669 764 3725 ceremoniae
785 3671 819 3726 ad
839 3669 1026 3726 sanciendam
1043 3671 1227 3742 disciplinam
1234 3711 1245 3740 ,

191 3763 227 3817 de
253 3762 358 3834 quibus
381 3775 450 3815 cntu
467 3760 643 3818 adversariis
661 3759 792 3814 nondum
811 3777 896 3830 agere
915 3777 1088 3834 possuimus.
1124 3761 1244 3836 Quibus

191 3853 335 3925 tantisper
352 3852 419 3904 dnm
438 3861 608 3924 oppugnant
625 3850 835 3923 Evangelium,
854 3851 927 3908 nihil
944 3851 1127 3921 auctpritatia
1144 3851 1245 3933 inlic-

192 3945 282 4000 clesia
299 3942 433 4007 nituere,
446 3955 617 4015 posatunus.
