2672 4518
94 349 97 357 Δ
181 269 243 341 262
489 294 491 299 ·
662 265 754 338 asto.
810 271 812 279 ⁴

58 483 62 510 Ι
178 441 244 498 eet,
262 431 416 489 credamus
429 448 500 489 esne
511 430 681 499 Lundensi,
699 448 761 487 non
777 430 852 488 falso
863 428 997 503 promitti
1008 425 1240 486 deliberationes

178 523 217 578 de
234 526 412 580 concordie:
439 543 476 580 ne
492 523 549 580 hac
567 525 688 597 quidem
704 535 811 580 vacant
829 523 976 595 periculo.
1009 521 1048 579 Ut
1074 520 1241 592 optandum

178 625 243 681 est,
266 616 406 671 carolum
424 633 495 674 vere
518 626 548 672 et
571 631 610 671 ex
635 617 732 671 animo
750 614 828 670 velle
844 613 1008 684 Evangelio
1028 627 1114 668 auam
1136 610 1240 665 laeena

176 707 290 763 restitui
306 715 342 761 et*
354 707 467 762 divinae
484 711 555 764 voci
570 725 691 780 parere,
716 723 794 778 quae
816 704 937 774 regibus
954 703 1170 768 concinuntur,
1195 699 1241 755 in.

177 794 301 866 quiens:
326 795 373 851 Et
397 813 482 853 nuno
499 797 607 872 Reges
629 794 816 870 intelliqite:
841 796 880 850 ita
901 794 1093 861 metuendum
1116 799 1180 858 est,
1205 797 1241 844 ut

177 899 260 939 nuuc
283 886 366 940 aulae
390 897 459 942 sunt
475 886 578 957 plenae
596 882 797 960 sophistices,
819 885 881 940 hoc
903 893 1020 952 agatur,
1044 892 1076 936 ut
1098 889 1163 936 srte
1184 877 1241 935 ob.

164 986 282 1052 ‘nutus
305 991 375 1030 vera
392 973 528 1032 doslss'eta
545 975 633 1034 nouis
658 975 833 1049 praestigiis.
866 973 900 1030 ln
918 973 1038 1044 synodo
1056 968 1241 1048 syrmiensi,

176 1078 248 1120 oum
261 1065 456 1123 Constantdds
469 1053 647 1122 dissidentes
661 1065 814 1122 Ecclesiae
828 1063 987 1124 conciliare
1004 1061 1157 1129 studeret,
1172 1075 1240 1118 non

177 1170 283 1209 errore
302 1155 435 1223 sublato,
453 1157 506 1212 scd
523 1157 643 1226 fucato,
660 1155 835 1228 Symbolum
848 1153 1002 1211 Nicetium
1018 1161 1164 1207 mutatum
1180 1151 1240 1218 esi,

176 1251 209 1298 st
226 1245 361 1315 quaesita
378 1261 441 1302 vox
466 1245 601 1316 ambigua
619 1245 806 1311 communia,
831 1259 921 1317 quarn
937 1254 1042 1300 neutra
1063 1254 1132 1315 pare
1151 1255 1241 1313 repu.

176 1332 290 1402 diaret,
307 1327 417 1406 placuit
433 1336 503 1410 poni
520 1353 576 1409 pro
595 1333 736 1408 ὅμοωιίῳ,
754 1329 852 1401 imm:
877 1334 932 1390 sed
947 1333 1036 1405 panio
1053 1341 1122 1403 post
1136 1332 1240 1402 erupit

175 1426 289 1480 melum
302 1441 405 1484 rursus
417 1429 513 1484 multo
528 1427 697 1502 violentius,
716 1427 832 1482 ethaeo
849 1427 912 1500 ipsa
928 1416 1105 1495 ambiguitas
1123 1423 1241 1495 peperit

175 1531 255 1572 nova
273 1517 445 1573 certamina.
477 1517 591 1574 Eadem
608 1533 732 1592 prorsus
750 1518 814 1588 jam
832 1508 917 1584 flent,
939 1516 966 1572 si
992 1525 1094 1584 agetur
1109 1514 1146 1568 de
1164 1529 1240 1568 eon.

69 1673 78 1698 ι
142 1603 147 1614 “
174 1605 290 1664 cordia.
322 1607 443 1664 Vidistis
459 1605 540 1666 haud
557 1607 645 1664 dubie
657 1597 837 1664 colomense
854 1606 1018 1677 scriptum,
1034 1604 1063 1659 in
1080 1620 1141 1676 quc
1159 1601 1241 1658 affin.

175 1705 287 1766 guntur
297 1697 439 1754 abusibus
452 1698 675 1756 commodiores
691 1697 960 1771 interpretationes.
993 1694 1110 1752 Ettrue
1129 1694 1241 1766 ingenii

174 1798 317 1859 putatur,
344 1788 399 1844 lass
426 1783 607 1861 sophisticae
634 1789 751 1860 glossas
779 1789 965 1856 excogitare:
994 1787 1093 1858 itaque
1120 1784 1240 1841 Romae

172 1877 238 1947 jam
255 1889 286 1933 et
302 1878 330 1932 in
343 1876 447 1935 Galliis
463 1879 493 1933 in
509 1879 701 1944 admiratione
713 1889 785 1935 sunt
799 1878 929 1933 artifices
940 1863 1047 1932 irarum
1059 1875 1240 1945 glossarum.

176 1965 245 2022 Huc
256 1982 328 2036 ergo
339 1965 529 2036 decurrerem,
547 1968 661 2024 articuli
672 1981 888 2040 proponentur,
904 1977 938 2026 tat
949 1981 1068 2022 errores
1085 1974 1114 2020 et
1125 1965 1240 2022 abusus

175 2057 248 2129 picti
272 2056 352 2112 lascis
377 2055 554 2128 quibusdem
570 2059 772 2113 restituantur.
804 2039 973 2124 Fortaseb,
1000 2065 1034 2110 ut
1054 2069 1125 2110 esna
1141 2054 1242 2127 aliqua

177 2145 291 2204 deliniti
313 2148 525 2215 assentiamur,
546 2147 634 2202 nobis
660 2163 783 2220 quoque
800 2143 953 2203 donabunt
976 2145 1093 2217 aliquos
1113 2158 1240 2200 nostros

177 2235 331 2292 articulos.
363 2234 483 2292 Deinde
503 2234 649 2308 jubebunt
665 2251 723 2294 uos
741 2235 899 2292 consulere
917 2253 978 2291 non
994 2235 1082 2291 nobis
1105 2244 1239 2304 tentum,

176 2327 232 2381 sed
256 2327 355 2394 etiam,
369 2327 494 2384 caeteris
517 2318 708 2398 nationibus,
734 2342 810 2399 quae
836 2325 1042 2382 deterreantur
1068 2341 1084 2382 a
1111 2325 1241 2382 meliore

177 2416 332 2485 doctriua,
350 2415 374 2480 si
385 2417 533 2472 horridius
552 2417 650 2472 omnia
660 2426 762 2472 nostra
780 2415 939 2472 defendere
955 2416 1091 2470 velimus.
1123 2414 1242 2472 Dicent

176 2506 216 2562 ds
233 2506 520 2579 periculiscivilinm
536 2507 703 2577 bellorum,
727 2509 818 2564 satius
836 2521 923 2576 esse,
945 2507 1114 2562 mediocres
1130 2503 1241 2562 Eccle-

177 2595 250 2666 siss,
266 2613 353 2669 qnam
364 2597 460 2654 nullas
472 2597 594 2654 hebere.
621 2597 681 2653 llas
693 2613 787 2653 voces
799 2598 830 2652 in
844 2597 1043 2652 conventibus
1055 2597 1115 2652 diei
1126 2597 1239 2653 ecimus
1313 2621 1316 2630 v

177 2687 267 2744 etiam
283 2703 299 2742 a
317 2688 445 2757 nostrie,
468 2698 499 2744 et
514 2689 613 2743 salens
629 2688 706 2743 haee
723 2700 896 2756 argumenta
920 2689 999 2760 apud
1012 2687 1153 2745 homiues
1168 2705 1241 2762 pro.

176 2779 281 2847 funos,
304 2791 472 2836 metuentes
496 2780 557 2834 suis
583 2779 690 2850 opibus
716 2791 767 2832 ant
788 2777 1010 2850 voluptatibus,
1037 2795 1167 2852 quorum
1192 2793 1241 2836 est

177 2867 290 2940 ubique
315 2883 420 2939 magna
436 2869 606 2925 multitudo.
652 2869 798 2926 Fortassis
824 2881 854 2925 et
881 2869 1002 2926 insidiae
1024 2881 1159 2940 spectant
1183 2887 1238 2938 eo,

64 2963 71 2974 “
178 2967 213 3013 ιιι
238 2957 441 3030 disjungantur
464 2960 579 3029 nostri,
612 2975 690 3034 quoe
718 2961 876 3017 murmurii
902 2961 1012 3034 alioqui
1036 2977 1096 3016 nou
1112 2961 1239 3034 ,optime

178 3047 346 3104 cohaerere
356 3047 466 3104 vident.
502 3047 600 3105 Erunt
611 3065 683 3119 ergo
693 3049 796 3122 aliqui,
813 3048 865 3123 qui
876 3050 967 3105 levari
980 3066 1063 3119 cura,
1077 3050 1238 3120 sumtibus,

177 3139 321 3212 periculis
338 3140 457 3210 volent,
485 3157 550 3198 earn
573 3139 614 3195 ob
631 3155 751 3196 causam
771 3141 841 3196 boni
865 3141 1024 3197 consulent
1039 3157 1148 3200 mutnus
1166 3142 1239 3197 Cae.

180 3230 275 3299 saris,
299 3231 399 3286 dicent
419 3246 452 3286 se
469 3231 505 3285 de
523 3231 648 3288 caeteris
665 3247 725 3286 non
750 3242 932 3302 pugnaturos
956 3247 1042 3301 esse,
1068 3233 1239 3302 fugiendum

179 3336 249 3378 esse
274 3319 361 3376 ciuile
382 3320 504 3376 bellum.
539 3320 618 3377 Tam
642 3325 719 3376 varia
742 3321 871 3394 pericula
892 3337 962 3376 cum
987 3321 1053 3377 illae
1078 3323 1239 3380 insidiosae

181 3411 419 3483 compositiones
443 3411 581 3466 allaturae
605 3412 681 3480 sint,
708 3413 845 3483 prolecto
869 3411 926 3481 piis
949 3427 1027 3484 opus
1054 3423 1099 3470 eet
1123 3415 1239 3470 adferre

181 3503 296 3556 manos
313 3499 389 3556 bene
406 3513 525 3573 paratos
541 3518 577 3557 ae
595 3497 805 3572 confirmatos,
828 3519 905 3574 opus
923 3513 971 3557 est
987 3503 1073 3558 stiam
1091 3504 1135 3558 eis
1152 3504 1239 3561 lirino

179 3595 335 3646 consensu
357 3593 432 3648 inter
448 3607 526 3648 sese.
560 3591 662 3667 Quare
685 3605 719 3648 ut
741 3593 863 3650 consilia
883 3594 1163 3664 communicemus,
1184 3597 1240 3650 tlu-
1277 3651 1284 3662 ,

178 3679 283 3736 danus
305 3679 392 3736 vobis
418 3680 637 3750 significandam
663 3697 732 3736 esse
756 3695 903 3736 summam
930 3695 1049 3738 nostrae
1075 3686 1240 3742 sententiae

182 3785 220 3826 ao
235 3770 333 3826 nostri
349 3770 465 3825 consilii
477 3758 492 3838 ,’
502 3787 539 3827 ac
556 3773 683 3842 patimus
700 3773 851 3838 vicissim,
869 3786 901 3828 ut
916 3786 1048 3830 vestram
1065 3779 1240 3833 sententiam

181 3857 272 3915 nobis
289 3857 470 3930 significetis.
501 3859 568 3918 Etsi
585 3862 665 3918 enim
683 3863 817 3918 fortassis
836 3875 903 3918 eunt
920 3865 997 3932 apud
1013 3879 1071 3919 nos
1081 3904 1092 3933 ,
1109 3875 1141 3920 ut
1159 3866 1239 3934 alibi,

182 3947 322 4008 homiues
346 3950 482 4026 profani,
512 3952 562 4023 qni
584 3951 660 4008 haec
686 3952 844 4008 certamiaa
867 3954 1007 4026 judicant
1033 3971 1105 4014 esse
1137 3955 1264 4015 inanes,
