2682 4508
96 189 138 302 s
199 193 319 305 tso‘·
680 233 780 350 'ista
876 247 885 282 i
990 343 995 364 ἱ
1269 224 1286 265 ⁸

202 361 257 453 G·
284 413 318 506 effi
328 405 366 464 P.
399 405 518 480 Accepi
540 407 641 464 literae
665 416 748 478 ruas,
770 405 825 472 Vir,
846 408 878 464 in
905 407 1043 466 Domino
1068 405 1274 476 uenerabilis,

173 531 175 536 ·
200 499 307 582 nescio
331 513 385 570 per
407 498 608 586 quemsidqo
634 517 697 554 non
715 499 797 570 potui
823 499 1027 574 respondere,
1052 500 1135 570 quod
1160 497 1276 555 scribis

199 587 255 644 tibi
271 605 340 644 esse
358 604 394 645 os
412 589 538 645 oblitum
556 587 611 662 per
627 589 736 657 verba,
762 600 792 645 et
815 592 926 646 urinam
942 589 1171 662 Magdeburgao
1188 607 1275 646 maa.

198 680 315 749 sisses,
341 689 379 735 eo
403 681 485 751 quod
502 683 598 750 major
614 682 774 752 majestatis
797 697 906 755 pompa
930 693 960 736 te
983 682 1072 753 petit,
1098 697 1192 753 quarn
1216 697 1276 736 vo.

199 767 292 834 lucris
311 781 371 827 etc.
404 770 450 826 Ea
466 771 636 827 omnia‘tibi
654 787 743 843 quam
766 772 907 827 facillime
925 771 1037 840 credo,
1061 782 1095 828 ut
1113 772 1168 845 qui
1186 782 1275 828 tuum

200 860 350 930 ingenium
367 839 646 933 perspectissimum
665 861 809 930 habeam,
835 877 925 934 quana
951 861 991 917 sit
1010 863 1141 918 alienum
1167 871 1199 917 et
1222 861 1275 916 ab.

199 949 330 1008 horrens
343 951 379 1005 ab
396 951 461 1006 istis
480 952 582 1008 aulicis
597 967 651 1006 seu
663 953 868 1022 saecularibus
881 955 1015 1024 pompis,
1033 954 1153 1009 scilicet
1168 967 1275 1010 assue-

199 1052 266 1099 tum
290 1042 382 1116 quieti
405 1052 434 1097 et
457 1043 669 1114 tranquillitati.
703 1045 804 1116 Atque
829 1043 893 1098 hoc
918 1045 1013 1116 ipsum
1039 1053 1123 1114 erat,
1151 1061 1216 1116 quo
1244 1054 1275 1100 et

200 1133 441 1206 egomovebar,
466 1151 503 1188 ne
528 1133 615 1190 facile
638 1133 798 1204 probarem
816 1135 845 1189 in
862 1135 921 1190 hac
947 1153 978 1194 rc
999 1134 1149 1208 Principis
1176 1136 1274 1191 nostri

200 1224 343 1282 studium.
377 1223 433 1278 Sed
449 1223 487 1278 ita
505 1223 675 1279 laciendum
694 1225 747 1279 luit
764 1225 906 1291 omnino,
924 1233 953 1278 et
969 1225 1116 1280 voluntati
1128 1225 1191 1280 Dei
1209 1239 1274 1280 nou

199 1315 414 1380 resistendum.
448 1307 579 1370 Nam'ut
594 1331 644 1370 res
662 1331 744 1370 nunc
762 1329 796 1371 se
813 1314 943 1382 hahent,
968 1315 1047 1370 nulla
1066 1315 1123 1371 luit
1140 1331 1274 1388 persona

199 1407 324 1474 idonee,
340 1405 401 1460 nisi
417 1413 464 1460 tua
483 1404 578 1460 solius
596 1407 748 1474 etunius,
765 1413 799 1460 ut
815 1406 920 1461 audisti
944 1407 1075 1478 saepius.
1110 1407 1273 1462 Caeterum

201 1495 295 1552 debes
312 1495 501 1560 meminisse,
527 1496 609 1568 quod
635 1497 687 1551 tibi
705 1511 812 1552 munus
838 1497 997 1568 imponens
1015 1497 1093 1552 dixi:
1118 1495 1273 1570 Expectat

202 1587 399 1656 Dominum,
423 1585 564 1642 uiriliter·
584 1605 664 1662 αρε,
690 1594 720 1640 et
744 1586 948 1654 confortetur·
970 1604 1028 1644 cor
1051 1595 1153 1644 traam.
1185 1589 1217 1642 Si
1242 1588 1272 1642 in

202 1689 311 1744 nostro
328 1677 454 1734 consilio
473 1689 572 1745 esset,
599 1677 670 1750 quid
688 1687 737 1733 aut
755 1690 899 1752 quantum
917 1695 971 1750 per
987 1695 1044 1735 nos
1061 1680 1151 1736 Deae
1171 1680 1272 1734 facere

200 1771 309 1838 vellet,
334 1769 408 1824 nihil
426 1769 549 1824 omnino
567 1785 622 1841 per
638 1785 696 1826 nos
713 1770 843 1838 iaceret,
864 1770 981 1825 scilicet
997 1770 1096 1826 subito
1114 1769 1272 1840 perturbe-

200 1878 304 1920 remus
321 1863 387 1934 ejus
405 1857 583 1930 consilium,
607 1860 802 1917 ostendentes
825 1861 850 1917 ei
868 1859 957 1917 finem
975 1863 1164 1936 formamque
1183 1862 1271 1918 effici.

202 1963 320 2022 entem,
346 1953 577 2028 longitudinem,
603 1951 812 2022 latitudinem,
831 1953 1080 2024 profunditatem,
1106 1953 1134 2009 id
1152 1965 1202 2010 est
1217 1970 1272 2010 no·

200 2057 293 2102 stram
322 2045 400 2100 illum
427 2041 676 2114 sapientissimam
693 2044 790 2099 carnis
812 2045 1003 2116 sapientium,
1030 2061 1089 2117 qua
1112 2045 1274 2116 impeditus

38 2179 43 2200 ,
124 2180 127 2186 .
202 2125 362 2208 cogeretur
379 2153 435 2191 nos
454 2135 602 2190 dimittere
620 2119 648 2190 in
666 2135 823 2189 desideriis
841 2135 949 2190 cordis
967 2136 1142 2204 nosni,‘et
1156 2136 1269 2214 nosqis

182 2276 184 2280 .
203 2227 339 2284 consiliis
358 2227 492 2282 satur-ari.
526 2224 617 2280 Nunc
637 2225 676 2278 ita
692 2223 784 2278 habet
801 2241 850 2279 res
869 2243 925 2297 per
940 2225 1068 2280 divinam
1085 2225 1267 2294 bonitatem,

203 2329 400 2390 utnusquam
419 2316 528 2372 rectius
546 2326 596 2370 aut
614 2315 747 2371 sanctius
760 2317 921 2388 quicquam
939 2333 1075 2386 agamus,
1093 2318 1269 2390 quamdam

202 2407 342 2466 videmur
357 2406 446 2462 nobis
472 2407 654 2478 lmpotentes
670 2415 700 2460 et
716 2404 800 2461 nihili
824 2421 891 2461 esse
910 2407 945 2460 ad
963 2407 1124 2474 agendum:
1148 2425 1207 2463 nec
1224 2423 1269 2462 sa.

202 2499 333 2572 pientius
358 2499 520 2570 quicquam
545 2511 682 2566 agamus,
717 2511 807 2569 quam
833 2496 903 2550 dum
933 2498 1106 2552 stultissime
1132 2498 1269 2554 videmur

203 2589 291 2646 nobis
310 2585 406 2659 ag'ere.
441 2587 521 2662 Quia
538 2597 594 2641 stat
612 2585 730 2641 definita
754 2587 914 2642 sententia:
942 2587 1059 2642 Virtus
1081 2589 1153 2657 ejus
1174 2587 1269 2656 infit-2

203 2681 315 2738 mitate
332 2683 448 2736 nostra
463 2675 646 2750 perficitur.
680 2677 752 2731 Ideo
771 2677 799 2731 in
818 2677 908 2735 rebus
922 2677 982 2732 Dei
997 2680 1090 2734 multo
1109 2689 1154 2735 est
1167 2681 1268 2746 tutius,

203 2787 261 2828 nos
280 2771 363 2842 rupi,
386 2785 475 2842 quum
499 2783 605 2838 agere,
631 2767 710 2821 sicut
734 2767 786 2822 ribi
804 2767 864 2820 hoc
883 2778 1017 2837 tempore
1038 2769 1183 2840 contigit,
1209 2786 1269 2850 nou

169 2885 171 2890 ·
203 2863 271 2918 rudi
287 2858 398 2928 modo',
417 2875 474 2913 nrc
492 2857 605 2926 vulgari
623 2857 776 2928 exemplo.
811 2858 922 2912 Contra
940 2875 1089 2930 nunquam
1107 2860 1271 2939 pejusagi.

169 3011 172 3018 ,
204 2967 292 3022 mus,
316 2953 496 3024 quemdum
512 2947 600 3004 nobis
618 2947 755 3002 videmur
778 2947 959 3018 intelligere,
985 2951 1055 3024 quid
1080 2963 1110 3006 et
1128 2959 1269 3024 quantum

204 3027 345 3116 agamus,
370 3042 439 3114 quia
456 3051 528 3096 tunc
545 3038 608 3096 lieri
626 3040 696 3106 uix,
723 3039 784 3093 imo
803 3056 863 3094 non
884 3049 1002 3121 potest,
1028 3043 1099 3114 quin
1118 3043 1206 3102 nobis
1223 3044 1271 3098 nli.

206 3134 380 3209 quantulum
397 3133 569 3206 placeamus
594 3130 621 3184 in
640 3139 747 3184 nostro
765 3130 863 3199 lacto,
890 3141 920 3185 et
944 3131 983 3186 ita
1001 3130 1172 3202 contagiolo
1199 3134 1270 3206 (etsi

205 3225 325 3293 veniali)
344 3224 473 3295 quodam
491 3219 633 3291 gloriolae
652 3219 807 3296 cujusdam
825 3220 938 3276 lactum
955 3222 1024 3277 illud
1039 3223 1201 3294 vitiemus,
1217 3244 1270 3282 nec

205 3318 280 3374 adeo
303 3309 377 3388 p'ure
392 3313 497 3374 Deum
516 3310 614 3366 solum
637 3307 849 3399 glorificemus.
872 3311 964 3388 ,Quia
986 3321 1059 3367 tunc
1085 3315 1150 3371 lere
1170 3315 1218 3384 fit,
1240 3325 1269 3370 ul

229 3411 325 3463 virtus
387 3446 393 3459 .
453 3444 459 3458 .
536 3407 541 3421 ’
635 3401 787 3466 virtute.
950 3411 953 3420 ’
1123 3445 1131 3459 ,
1230 3447 1237 3461 ,

205 3489 350 3561 sapientia
367 3460 434 3516 ejus
453 3451 602 3516 innostra
620 3480 761 3552 sapientia
780 3441 957 3500 infirmetur.
992 3441 1084 3519 Quod
1106 3461 1131 3501 si
1155 3463 1269 3503 nescire

204 3580 359 3650 cogimur,
385 3576 458 3648 quid
481 3582 511 3629 ct
528 3573 683 3646 qaromodo
710 3589 796 3627 orare
820 3583 958 3644 oporteat
981 3591 1069 3646 eum,
1093 3575 1145 3646 qui
1162 3589 1268 3650 potens

205 3681 253 3726 est
269 3669 336 3742 plus
352 3667 469 3732 lacere,
494 3679 582 3736 quam
601 3663 728 3736 petimus
748 3674 798 3718 aut
815 3663 1021 3734 intelligimus:
1045 3680 1157 3738 quanto
1173 3673 1267 3725 minos

206 3760 285 3816 scire
303 3767 332 3812 et
349 3755 512 3825 intelligere
530 3754 685 3833 cogimur,
703 3752 775 3825 quid
793 3763 823 3809 et
839 3755 995 3826 quomodo
1008 3773 1063 3828 per
1080 3775 1137 3812 nos
1155 3761 1266 3832 operari

206 3850 298 3917 velit,
316 3847 365 3919 qui
384 3857 415 3900 nt
433 3857 479 3900 est
496 3847 705 3916 omnipotens,
723 3839 803 3898 haud
820 3844 908 3898 dubie
924 3845 990 3917 plus
1009 3849 1109 3902 facere
1127 3850 1266 3919 decrevit,

207 3955 297 4016 quam
314 3933 371 3994 uo's
389 3935 553 4006 cogitamus
572 3945 622 3988 arn
635 3933 932 4007 comprehendimus
965 3936 1064 3994 Fortis
1085 3949 1153 3996 esto
1171 3940 1266 4012 igitur,
