2672 4518
233 241 295 312 :no
725 337 731 346 ι

281 401 334 450 aar
347 401 528 458 “aelfuini
539 393 701 458 animatio
714 403 892 460 ematurat.
902 403 948 453 aar.
961 399 1003 458 aaa
1015 402 1127 461 editt
1139 371 1178 452 ill.
1189 373 1251 456 ua*

232 551 434 611 Clarissimis
452 550 564 622 Vir-ia,
581 553 625 610 D.
642 553 737 610 Justo
753 553 874 624 donae,
894 553 1101 622 Pomertmo,
1116 551 1279 628 Philippo,

277 649 412 724 Lapatia
429 649 551 707 Christi
559 648 730 722 fidelibus,
747 652 814 709 suis
830 649 1022 723 Maioribus
1038 651 1074 706 in
1089 651 1235 708 Domino.

233 801 379 903 Gratiam
397 859 427 903 et
444 865 548 919 pacem
566 847 597 918 in
615 849 761 905 Domino.
796 850 913 906 Alteras
937 849 1053 914 sariba,
1077 847 1141 908 Viri
1167 845 1281 918 optimi,

233 948 264 994 et
280 937 333 996 nisi
351 955 503 1010 sperarem
521 950 637 995 vestrae
657 939 686 994 in
705 939 809 994 itinere
827 939 862 994 ad
880 929 929 993 m'e
942 937 1060 1004 volare,
1077 953 1281 1010 auceeuaereru

233 1035 337 1085 veatro
354 1039 414 1086 tam
431 1029 571 1085 diuturno
588 1029 723 1098 silentio,
741 1045 809 1084 cum
827 1029 902 1084 mihi
918 1029 1035 1096 videar,
1051 1027 1078 1094 ¹)
1095 1043 1155 1083 voa
1171 1037 1215 1084 tot
1229 1027 1282 1082 die.
1329 1087 1331 1090 ,

231 1117 291 1176 bus
309 1119 447 1188 affuiaee,
463 1131 499 1175 ut
516 1119 602 1175 facile
621 1120 717 1176 redire
735 1120 901 1192 potueritis.
1006 1121 1030 1148 ”·

300 1265 395 1324 Ortus
414 1277 460 1324 eat
477 1267 554 1326 enim
571 1283 695 1340 magnus
712 1285 834 1336 rumor,
860 1266 979 1322 comitia
997 1282 1065 1322 ease
1081 1243 1236 1334 revocata,
1257 1274 1285 1321 tt

236 1359 434 1432 expectabant
451 1355 540 1432 aliqui
556 1369 691 1414 vestrum
709 1359 835 1414 reditum
852 1371 918 1414 ante
935 1356 1067 1412 biduum.

302 1506 412 1562 Omnia
429 1505 480 1566 hia
497 1507 578 1562 salva
594 1515 663 1562 aunt
681 1506 741 1561 Dei
761 1504 868 1577 gratia,
893 1515 1007 1562 tautum
1023 1514 1072 1560 tua
1089 1503 1198 1572 liliola,
1220 1501 1286 1559 Phi.

235 1597 333 1670 lippe,
359 1613 415 1652 una
440 1593 554 1653 diecula
577 1595 743 1652 minabatur
759 1597 983 1666 aegritudinem.
1015 1595 1084 1652 Hae
1108 1581 1285 1662 acribo‚'ae
1330 1583 1331 1588 ἵ

236 1686 437 1744 aiaaolicitua.
469 1687 559 1743 Fama
576 1691 625 1755 (ut
642 1687 737 1746 noeti)
754 1688 863 1742 malum
882 1686 1044 1741 mobilitate
1062 1685 1199 1754 auget.²)
1230 1684 1287 1739 rto

234 1780 316 1835 salva
334 1789 390 1835 eat.
423 1777 521 1834 Biduo
537 1777 589 1833 laio
604 1775 731 1832 vidimus
756 1777 868 1832 solem:
895 1776 949 1832 sed
974 1791 1079 1831 rursus
1102 1776 1192 1830 rediit
1213 1774 1289 1848 prior

234 1864 397 1939 tempestas
405 1909 415 1937 ,
432 1877 531 1922 tamen
543 1867 691 1927 decrescit
702 1865 799 1922 Albia.
831 1865 948 1922 Utinam
961 1877 1200 1936 perseveranter.
1228 1864 1288 1920 Alia
1328 1893 1331 1944 3

234 1959 314 2014 naalia
330 1957 488 2014 babemus.
522 1957 606 2012 Bene
623 1957 732 2012 iactum
749 1966 811 2024 eat,
829 1957 910 2029 quod
923 1957 1008 2011 vobis
1021 1955 1164 2012 euntibua
1177 1973 1231 2026 ego
1241 1954 1288 2010 hio
1329 1953 1331 2032 ξ

148 2065 153 2080 ’
235 2047 402 2105 remoratae
421 2063 504 2104 sum:
522 2062 628 2119 paaaue
644 2061 711 2100 aum
728 2045 787 2100 hao
803 2056 864 2102 tota
881 2057 969 2102 nocte
986 2047 1151 2102 cruciatum
1168 2047 1198 2101 in
1214 2061 1287 2100 rnna.
1329 2037 1331 2072 i

236 2141 308 2194 eulo
334 2136 431 2194 dextri
457 2137 571 2193 brachii
597 2138 672 2192 inter
697 2135 836 2192 arcellam
861 2145 891 2191 et
915 2135 1070 2206 cubitum,
1096 2148 1128 2191 ut
1154 2151 1287 2192 somnum

129 2297 132 2304 Ι
207 2231 210 2238 “
235 2243 343 2299 capere
366 2243 428 2284 non
455 2241 585 2297 possem.
628 2225 746 2295 Miror,
772 2225 841 2300 quid
865 2227 921 2293 ait,
950 2228 974 2282 ai
999 2228 1102 2282 locum
1128 2229 1175 2282 val
1196 2211 1287 2282 ‘ferrea

162 2343 167 2358 «
235 2331 328 2375 manu
348 2325 589 2386 contrectarem,
614 2317 664 2372 a'ut
687 2317 853 2388 pulsarem,
878 2317 950 2373 nihil
973 2319 1084 2374 doleo!
1103 2318 1209 2374 deinde
1224 2317 1287 2387 ion.

237 2405 340 2466 cturae
363 2407 489 2480 pulchre
506 2408 613 2464 valent.
646 2406 788 2464 Arbitror
811 2405 930 2462 dentem
955 2409 1105 2480 serpentia
1130 2425 1217 2479 esee,
1241 2407 1288 2481 qui

236 2515 300 2559 noa
326 2500 401 2556 ainat
423 2512 549 2553 morere
577 2507 741 2552 retrorsum
764 2495 930 2552 brachium.
971 2497 1060 2552 Venit
1083 2497 1238 2568 aliquando
1261 2498 1288 2556 ia

236 2599 369 2646 ruentem
386 2586 544 2644 Charioaia
562 2585 644 2656 Magi
661 2587 793 2657 signum,
811 2587 892 2658 quod
909 2585 996 2643 ecidit
1008 2588 1035 2642 in
1049 2605 1086 2643 eo
1099 2587 1171 2644 loco
1182 2585 1289 2644 brachii

237 2695 294 2754 per
317 2679 490 2752 duploidem
516 2685 548 2733 et
574 2677 733 2733 indusium.
777 2675 946 2748 Aliquando
972 2677 1008 2732 de
1032 2677 1114 2734 Hans
1143 2677 1287 2736 Relneleo

238 2768 359 2838 cogito,
385 2767 436 2840 qui
462 2776 529 2824 ante
554 2766 671 2822 obitum
691 2765 870 2837 querebatur
884 2763 1079 2823 brachiorum
1094 2769 1286 2838 gravedinem.

237 2859 295 2914 Sed
312 2857 376 2914 iatia
391 2873 453 2916 non
470 2854 659 2912 obstantibus
676 2855 845 2910 vocandum
863 2869 977 2927 quaeao
992 2857 1187 2929 admonente,
1205 2871 1232 2916 et
1243 2877 1287 2915 ve.

237 2948 329 3006 niam.
361 2945 454 3003 Valeo
481 2945 559 3002 enim
581 2945 650 3000 aliae
676 2945 721 3000 alo
745 2945 835 3012 eatis,
861 2951 891 2999 et
910 2961 975 3000 mea
993 2945 1093 3002 Ketha
1111 2953 1211 3020 eoepit
1225 2965 1287 3005 eum

237 3037 371 3112 appetitu
391 3037 494 3094 bibere
516 3045 546 3091 et
562 3035 739 3102 comedere,
763 3043 791 3089 et
809 3043 903 3106 reptat
926 3036 1064 3092 manibus
1090 3039 1286 3111 persederet

218 3142 368 3199 ‚menaea
401 3125 514 3182 Verum
537 3125 615 3181 haec
634 3124 756 3192 aonbo,
779 3139 817 3178 ne
833 3140 938 3180 rumor
954 3142 1011 3181 vos
1029 3129 1186 3199 perturbet
1201 3132 1287 3203 pessi.

237 3232 306 3277 mua
325 3227 468 3275 narrator.
501 3213 642 3272 Faoeeaet
658 3225 687 3268 et
703 3213 782 3279 hoo,
799 3213 939 3288 quioquid
954 3218 1096 3285 ermeli,
1112 3221 1284 3290 Dromon,

238 3309 424 3384 propediem.
457 3305 561 3362 Valere
584 3303 613 3358 in
637 3301 789 3386 Domino,
818 3313 848 3357 et
865 3315 948 3360 orate
966 3305 1145 3386 pronobie,
1170 3323 1199 3366 et
1219 3314 1286 3368 sicut

140 3449 141 3454 ,
237 3411 296 3455 aaa
314 3413 370 3472 pro
387 3396 485 3454 vobit.
517 3398 543 3450 ⁵.
560 3401 632 3468 poet
646 3391 872 3462 Reminireere,
896 3409 973 3451 anno
992 3395 1132 3456 MDXL.
1201 3452 1203 3455 .

878 3537 916 3596 V.
933 3539 1085 3602 Martinus
1102 3545 1261 3608 Lauerna.

219 3953 222 3962 r
292 3925 315 3974 a)
335 3922 405 3982 ffilrll.
420 3920 767 3989 vllaatarpabtrvldeamlui·
821 3927 982 3986 militanti.
996 3931 1072 3992 viret.
1149 3925 1153 3936 ⁴
