2672 4518
428 263 433 270 ’
512 335 517 342 -
566 266 700 367 suto.
741 323 751 332 -
1118 290 1179 360 att
1223 369 1226 372 ,

124 451 171 510 ti).
193 447 385 510 Wenreslno
403 453 507 512 Linco
525 450 678 526 Ductori,
695 457 741 514 D:
757 455 911 518 Andreae
930 453 1114 521 ostenden,
1138 451 1182 510 Dr

195 543 338 600 Tkomce
356 547 553 618 Venatorio,
570 547 615 604 D.
634 547 711 604 Vito
732 546 915 616 Theodoro,
933 555 962 601 et
979 548 1055 602 aliis
1072 557 1183 604 eorum

126 663 129 669 ·
189 634 322 710 colleqis
346 635 529 693 docentibus
553 637 768 713 Euangelitcm
793 639 828 694 in
851 638 999 695 Ecclesia
1028 631 1185 692 Noriter-

190 726 300 800 qensi‚
308 723 481 796 frutribus
497 727 565 790 suis
583 726 618 782 in
636 727 765 786 Christo
782 727 995 785 electissimis.

130 858 261 984 Urinam
284 905 390 962 similis
407 921 575 964 consensus
598 919 679 966 esset
695 906 900 965 Ecclesiannn
921 905 1033 979 ubique
1055 903 1091 960 de
1113 915 1186 958 veta
1251 899 1264 990 J

114 994 260 1050 doctrina
276 991 445 1067 Evangelii,
470 1007 503 1052 ut
521 1007 618 1054 restra
635 995 773 1054 Ecclesia
791 999 902 1054 multos
922 997 985 1068 jam
1009 1009 1107 1052 annos
1124 990 1186 1050 Det

125 1083 273 1140 beneflcio
282 1086 444 1142 nobiscum
455 1097 592 1159 tanquam
606 1094 662 1144 una
675 1105 752 1144 voce
765 1087 916 1144 Christum
927 1086 1086 1159 praedicat.
1113 1083 1186 1140 Neo
1296 1151 1300 1170 ¹

3 1157 29 1228 ,⁴
64 1202 66 1212 ·
116 1159 203 1248 fiero
218 1175 404 1247 dubiumne,
421 1177 503 1234 itanc
519 1191 702 1236 consensum
720 1179 820 1234 multis
837 1177 894 1250 plin
911 1173 1059 1234 mentibus
1080 1175 1188 1232 salutes.

126 1264 310 1333 renituisse,
328 1277 359 1321 et
370 1266 547 1338 quibusdam
558 1267 705 1336 Eccleaiis
718 1267 868 1340 proluisse
885 1267 1067 1338 exemplum.
1102 1261 1186 1338 Quid

128 1367 172 1426 est
195 1365 295 1408 autem
318 1353 499 1427 optabilius?
523 1356 592 1428 quid
610 1356 660 1430 pio
677 1357 793 1429 pectori
815 1355 951 1424 dulcius,
976 1367 1065 1428 quam
1082 1353 1186 1410 videre

126 1440 268 1518 florentes
284 1441 459 1519 Ecclesiae?
481 1444 638 1516 inquibus
658 1455 737 1501 recte
758 1445 867 1500 colitur
883 1444 989 1514 Deus,
1014 1455 1043 1498 et
1062 1441 1186 1498 traditor

127 1532 262 1588 doctrina
280 1534 431 1605 salutarie,
448 1546 478 1591 et
495 1533 621 1607 quarum
639 1537 778 1610 exempla
795 1531 916 1608 sionna,
937 1543 971 1590 ut
986 1533 1070 1592 Pauli
1088 1532 1186 1588 verbo

126 1633 260 1690 utamur,
287 1635 392 1680 otnant
415 1623 539 1694 gloriam
565 1625 688 1681 Christi.
723 1625 801 1682 Cum
837 1625 925 1692 igitur
950 1624 1081 1678 maxime
1107 1623 1186 1678 tueri
1284 1688 1291 1710 Ι

127 1713 321 1768 concordiam
339 1724 484 1788 perpetuo
501 1715 674 1788 cupiamus,
692 1715 833 1772 duximus
849 1715 912 1769 hoc
928 1723 1065 1785 tempore
1081 1709 1186 1769 vobisc

126 1820 196 1860 cnm
222 1805 470 1860 communicanda
495 1819 561 1862 esee
587 1805 728 1874 consilia,
754 1821 824 1861 enm
847 1797 1019 1877 impendere
1042 1801 1185 1858 delibera.

126 1895 221 1950 tiones
246 1895 453 1950 existimantur
477 1895 513 1950 de
534 1893 702 1966 mitigandis
727 1893 855 1965 publicis
881 1883 1019 1949 dissidiis.
1060 1893 1185 1964 Scripsit¹

126 1985 204 2040 enim
227 1984 403 2042 Lundeneis·
430 1986 464 2039 ad
490 1984 649 2059 Principes
672 1996 812 2055 nostros,
841 1987 943 2040 venire
968 1983 1127 2040 Caesarem
1154 1985 1186 2039 lrl

126 2073 337 2143 Germaniam,
359 2091 421 2130 non
443 2084 477 2129 ut
494 2075 605 2130 bellum
622 2074 708 2132 civile
725 2085 862 2142 moveat,
885 2083 994 2130 necui
1011 2073 1186 2144 sanguinent
1223 2064 1232 2087 “

125 2167 244 2238 piorum
267 2164 407 2237 propinet
430 2164 652 2222 exturbandum
670 2164 885 2233 Pontificibus,
909 2166 962 2220 sed
985 2175 1018 2218 nt
1040 2163 1185 2236 deliberet

126 2255 162 2310 de
188 2255 352 2310 concordia
368 2255 528 2310 moderatis
551 2253 714 2326 rationibus
731 2255 902 2324 sarcienda,
929 2270 962 2309 ac
978 2253 1114 2310 hortatus
1138 2261 1185 2310 eet

117 2329 264 2413 nonime,
281 2356 314 2400 ut
332 2353 361 2400 et
377 2345 432 2417 ipsi
449 2345 604 2415 diligenter
615 2346 763 2418 cogitent,
780 2360 905 2417 quanam
921 2361 1024 2400 rerum
1038 2344 1184 2414 mitigatio

126 2436 163 2490 ad
180 2434 295 2490 firmam
318 2449 351 2490 et
366 2433 530 2490 durabilem
551 2435 793 2507 tranquillitatem
816 2433 969 2505 profutura
992 2434 1039 2490 sit.
1072 2433 1186 2504 Magna

123 2525 188 2581 lana
213 2535 261 2581 est
282 2524 478 2596 Imperatoris
501 2523 619 2598 Caroli,
643 2525 667 2580 ei
692 2525 754 2578 hoc
778 2539 850 2579 vere
872 2523 986 2594 egitur,
1012 2535 1046 2579 ut
1069 2523 1184 2580 Christi
1246 2563 1251 2578 ,

124 2616 218 2686 gloria
235 2615 418 2680 illustretur,
442 2623 472 2669 et
488 2609 573 2670 saluti
595 2615 687 2670 totius
702 2613 860 2670 Ecclesiae
876 2615 1057 2672 consulante.
1090 2613 1183 2670 Prae:

114 2689 205 2762 'clare
222 2705 303 2761 enim
319 2703 390 2759 illud
407 2705 437 2759 in
449 2703 616 2773 Tragoedia
633 2703 741 2762 dicitnr
759 2705 795 2766 de
808 2703 966 2759 excellenti
985 2703 1184 2780 imperatorer

126 2795 295 2852 Correuleee
306 2794 431 2867 patriae,
448 2809 572 2866 parcere
585 2793 711 2862 civibus,
728 2795 790 2848 iera
802 2795 895 2850 caede
904 2794 1064 2863 abstinere,
1080 2805 1184 2850 morea

115 2893 247 2958 regere,
280 2885 404 2942 reddere
432 2884 498 2942 orbi
526 2884 674 2956 quietem,
707 2885 830 2940 saeculo
855 2901 962 2956 pacem
990 2900 1056 2944 suo.
1101 2883 1185 2940 Haeo

123 2993 243 3035 summa
258 2977 370 3044 virtus,
388 2975 498 3047 petitur
508 2975 566 3030 hac
581 2975 702 3030 coelum
712 2975 770 3055 via.
785 3019 789 3027 .
804 2975 862 3030 Sed
872 2983 929 3032 nos
943 2975 1036 3032 multa
1048 2985 1185 3043 movent,

112 3056 156 3124 ¹ut
172 3067 381 3140 suspicemur,
408 3065 455 3120 vel
473 3065 594 3120 omnino
612 3054 804 3136 salsis-*spargi
824 3065 903 3120 hanc
920 3067 1044 3130 famem,
1069 3077 1101 3120 ut
1120 3065 1184 3137 pult

125 3157 296 3224 cherrimae
313 3155 355 3210 rei
373 3151 558 3210 simulatione
577 3154 814 3210 benevolentiam
838 3167 868 3210 et
884 3155 1005 3226 plausus
1026 3155 1083 3210 sibi
1100 3155 1184 3222 eolli‘

124 3257 194 3321 gant
217 3245 379 3304 adversarii
409 3245 485 3316 apud
512 3244 673 3317 populum,
702 3245 752 3298 vel
784 3244 902 3301 insidiae
929 3247 1004 3326 strui
1028 3257 1185 3324 praetexta

124 3336 373 3413 pacificationum.
418 3333 554 3390 Primum
577 3333 656 3390 enim
681 3334 835 3406 quomodo
861 3347 1096 3398 consentaneum
1122 3344 1185 3401 cett

125 3432 161 3486 de
179 3427 342 3484 eoncordia
359 3435 478 3482 acturos
496 3440 583 3492 esee,
600 3439 669 3479 eum
686 3423 836 3495 impetrari
855 3441 914 3479 non
931 3425 1044 3496 possit,
1067 3436 1099 3481 nt
1115 3443 1185 3498 prm

125 3519 251 3591 scriptio
277 3515 447 3589 Mindensia
473 3514 645 3581 aboleatur,
672 3531 741 3569 cum
769 3515 861 3588 parari
888 3515 922 3569 ad
947 3516 1184 3571 bellumuomaia

123 3619 265 3677 constet,
285 3623 353 3663 cum
365 3621 452 3678 reges
471 3605 628 3660 invitentur
645 3605 680 3660 ad
691 3603 863 3662 societatem
882 3606 963 3677 impii
979 3615 1008 3661 et
1022 3607 1184 3678 turpissimi

125 3699 277 3768 foederis,
295 3693 375 3770 quod
394 3695 536 3752 inveatra
552 3695 626 3750 urbe
643 3695 750 3751 motum
769 3704 833 3762 eet,
851 3695 1057 3767 deniqueeum
1072 3701 1185 3754 ferreae

125 3804 242 3850 mentes
258 3788 442 3847 Pontificum
457 3786 551 3844 nihilo
569 3787 662 3856 megia
687 3787 723 3841 ad
750 3785 926 3858 aequitatem
949 3786 1029 3842 flecti
1050 3791 1186 3858 possint,

121 3897 217 3954 ¹quam
244 3879 361 3938 Pharao
385 3879 522 3949 poterat?
563 3873 647 3933 Solet
673 3877 751 3932 enim
777 3877 911 3932 comitari
936 3877 1004 3932 talis
1026 3881 1185 3949 pertinacia

126 3971 332 4048 blasphemiae
349 3980 379 4026 et
395 3967 559 4043 parricidia.
594 3967 651 4026 Sed
669 3968 737 4041 quia
756 3966 844 4026 nobit
862 3967 1000 4026 volontas
1009 3969 1107 4026 Caroli
1118 3981 1192 4028 nota
1308 3977 1311 3986 '
