2650 4512
513 256 603 326 tels.
1026 251 1086 326 607

12 399 186 478 donati.
211 413 270 486 nef
287 423 318 480 tt
334 415 382 485 iet
399 421 469 478 unt
486 419 532 479 tet
545 417 649 486 tutin
666 417 710 478 ιιιι
722 417 821 484 sotei
839 413 922 488 laten
938 417 1087 490 ιιιιιιιιιιι

11 506 86 574 iti.
98 505 186 578 iolqt
202 507 281 572 otti
305 508 422 582 ιιιιιιιιιι
449 511 497 577 itt
514 521 578 570 nnn
603 509 665 568 niet
681 509 757 578 sidit
772 510 891 584 inpetro
911 511 1008 570 triete
1034 509 1089 578 iul·

13 598 110 670 fleuit
136 597 246 669 munet
269 598 333 668 tuti
359 591 459 673 ιιιιιιιιι
483 598 825 671 infructuositas)
852 600 982 674 ιιιιιιιιςι
1008 602 1089 668 sirus

15 687 61 758 io·
71 688 255 764 nucerinam
271 689 367 758 uolt,
384 681 509 752 rettulit
525 687 578 758 tir

76 795 265 853 ΙΕειιιιιιιιιιι
281 798 363 854 nuda
376 797 491 867 tabule,
517 799 547 854 in
565 815 623 872 qua
640 799 711 855 nihil
731 774 860 855 doee'tnr
881 810 933 855 aut
946 771 1088 870 jubefum

17 887 234 950 sedmodeste
256 889 444 955 ostenditur,
467 890 539 962 quid
561 891 600 950 in,
615 891 708 946 veteri
732 890 797 962 lege
822 889 858 946 de
880 889 929 948 his
952 893 1091 948 traditum

16 977 78 1034 sit..
104 977 188 1033 Nem
211 977 299 1035 etiem
315 979 402 1035 Mosi
426 989 522 1036 mater
546 991 666 1052 putatur
689 982 783 1038 fnisse
806 983 903 1038 amics
928 981 1021 1056 patrie
1044 983 1093 1040 sui

15 1070 152 1122 Arnram
173 1067 264 1126 Exod
287 1071 331 1138 9.,
366 1070 437 1126 licet
465 1071 585 1126 fortiter
610 1071 693 1141 Lyra
722 1081 885 1144 repugnet,
918 1089 980 1128 non
1009 1072 1093 1144 quod

15 1159 148 1214 licuerit
167 1167 257 1227 tunc,
280 1160 341 1216 hoc
362 1161 441 1233 Lyre
466 1179 528 1217 non
554 1162 629 1232 egit,
654 1163 708 1218 sed
730 1165 813 1236 q'uotl
832 1163 1017 1238 impossibile
1037 1165 1092 1218 fuit
1209 1231 1213 1242 .

16 1249 144 1305 ratione
168 1249 281 1307 eetetis.
313 1251 393 1308 Nam
419 1251 458 1307 tie
479 1251 616 1308 Themar
637 1247 745 1308 verbis
761 1256 797 1310 ad
821 1255 945 1310 fratrem
969 1257 1104 1309 Amnon

16 1337 102 1396 nihil
119 1340 282 1398 curandum
301 1351 364 1409 est,
382 1341 457 1397 nihil
480 1343 568 1400 etism
585 1343 722 1417 probunt.
756 1344 806 1400 Sic
822 1355 853 1400 et
868 1343 918 1402 M.
931 1343 1091 1418 Philippus

21 1429 124 1486 edidit
145 1429 252 1486 similia
275 1431 311 1486 de
336 1431 492 1501 gredibus,
516 1442 547 1488 et
566 1435 650 1506 ponit
667 1435 806 1507 exempla
824 1443 941 1506 patrum
960 1433 1045 1490 isaac
1063 1445 1094 1489 et
1143 1505 1151 1516 ι

19 1519 151 1590 Jnesb,
174 1533 204 1578 et
220 1520 408 1578 Merchionis
424 1521 579 1578 Joachimi
598 1523 914 1595 limndenburgensis,
938 1525 991 1597 qui
1009 1525 1095 1580 duxit
1168 1561 1171 1568 -

21 1611 120 1668 filism
138 1613 216 1683 regis
234 1612 396 1683 Polonise‚
423 1631 493 1669 eum
516 1624 601 1670 entes
620 1601 762 1670 hebuerit
774 1616 909 1686 ejusdem
927 1615 1002 1670 filiae
1021 1629 1095 1671 con.
1202 1650 1205 1678 .

14 1705 200 1774 sobrinam,
224 1704 364 1761 videlicet
391 1704 479 1762 filiam
506 1703 631 1776 Georgii
656 1705 755 1762 Ducis
781 1707 946 1776 Senoniae,
975 1707 1004 1762 id
1030 1715 1094 1774 est,

21 1795 124 1871 duxit
142 1795 213 1851 duas
238 1807 342 1870 neptes
366 1796 433 1868 ejus
458 1797 537 1867 regis
561 1796 724 1866 Polonine‚
751 1797 802 1870 qui
825 1798 878 1853 luit
898 1809 982 1870 pater
1005 1795 1096 1867 Sigis.

21 1887 137 1942 mnndi
151 1887 245 1942 istius.
280 1885 337 1942 Sed
356 1887 411 1942 ists
428 1888 566 1960 exempla
584 1905 645 1942 non
663 1888 775 1944 faciunt
792 1889 887 1957 legem
901 1889 1095 1960 populorum,

21 1992 87 2033 neo
105 1987 176 2032 sunt
192 1966 334 2031 trah‘enda
351 1978 381 2032 in
398 1977 647 2048 consequentiam
671 1986 701 2032 et
721 1979 863 2047 regulam.
898 1977 1009 2050 Neque
1032 1975 1097 2032 hoc

25 2069 106 2123 dicit
123 2068 171 2134 M.
192 2069 366 2141 Philippus,
389 2069 443 2124 sed
467 2068 653 2124 observanda
671 2069 701 2124 in
718 2070 958 2125 consolationem
976 2070 1097 2125 confes.

24 2161 155 2226 sorum,
170 2175 223 2213 seu
237 2159 506 2225 conscientiarum,
522 2159 551 2212 in
564 2173 656 2230 quem
667 2173 757 2214 usum
770 2174 835 2214 mea
847 2163 967 2230 quoque
984 2158 1099 2214 scheda

26 2251 85 2306 fuit
112 2251 221 2306 emissa
244 2257 350 2305 contra
368 2247 498 2321 Papum,
525 2252 577 2323 qui
603 2247 721 2305 vexatis
739 2249 935 2305 conscientiis
952 2247 1099 2304 vendebat

27 2351 184 2416 quartum,
203 2339 331 2410 tertium,
349 2340 513 2396 secundum
527 2339 667 2410 gradum
687 2349 716 2395 et
727 2349 759 2396 ut
771 2340 819 2396 ille
832 2341 924 2408 dixit
943 2340 1006 2396 lixit
1016 2341 1098 2412 leges

27 2434 133 2506 pretio
151 2445 238 2504 etque
257 2431 364 2488 refixit.
396 2431 476 2488 Nsun
495 2430 555 2485 ab
549 2432 631 2486 initio
650 2431 804 2500 doctrines
821 2437 942 2488 nostrae
960 2443 1099 2490 constan.

27 2524 149 2580 tissime
174 2533 205 2577 et
229 2531 375 2594 perpetuo
400 2521 580 2589 doetnmus,
604 2521 806 2578 ordinationes
829 2533 859 2576 et
884 2523 966 2593 leges
993 2523 1098 2577 civiles

27 2631 102 2671 esse
130 2613 307 2668 retinendas.
344 2600 594 2666 Confirmavimu's
620 2613 699 2666 enim
725 2622 755 2667 et
779 2611 1009 2684 approbavimus
1029 2613 1100 2682 jura

26 2705 129 2760 civilia
149 2711 177 2758 et
195 2703 323 2772 gladium
341 2702 562 2772 ningistratunm
580 2715 649 2756 cunt
671 2699 810 2758 omnibus
829 2702 891 2757 suis
909 2702 1100 2758 ordinationi-

13 2793 110 2864 λιιι,
137 2793 301 2848 secundum
324 2791 394 2846 illud
419 2791 509 2846 Rom.
527 2793 574 2846 li:
606 2791 718 2846 O'mnis
740 2791 852 2846 animo
873 2789 1100 2864 praesentibus

23 2881 244 2961 potestatibus
261 2881 389 2940 subdita
407 2882 489 2954 sit,
491 2892 519 2936 et
539 2879 650 2936 lPetr.
668 2883 698 2937 2.
719 2879 845 2938 Ohedite
865 2882 946 2956 reqi.
979 2883 1100 2938 Deinde

25 2977 96 3032 hoo
114 2977 202 3030 etium
220 2974 256 3028 ab
273 2973 356 3030 initio
376 2972 518 3040 fecimus,
546 2970 628 3042 quod
653 2971 860 3052 prohibuimus
881 2974 977 3043 legem
995 2965 1128 3046 Moysi'

28 3071 60 3126 in
80 3065 254 3124 Ecclesie'm
272 3063 394 3130 reduci,
413 3073 442 3118 et
455 3062 612 3118 statuimus
628 3075 747 3116 nostrae
760 3063 877 3133 politice
890 3063 1006 3132 legibus
1018 3076 1103 3120 uten-

29 3160 108 3216 dum
124 3173 203 3213 esset
237 3153 305 3210 Nisi
331 3153 380 3208 ubi
406 3167 495 3208 casus
517 3153 705 3207 necessitatis
724 3169 779 3224 pro
807 3155 1012 3209 consolatione
1030 3173 1103 3210 eon.

30 3248 230 3306 scientiarum
247 3261 264 3299 e
281 3243 345 3313 lege
363 3242 468 3315 Moti,
486 3258 546 3296 non
564 3251 597 3294 ut
615 3259 631 3294 e
648 3240 731 3309 lege,
751 3242 803 3296 sed
820 3252 854 3296 ut
872 3231 1045 3314 exemplum
1064 3261 1104 3301 ex
1150 3237 1157 3244 ⁵

29 3339 181 3404 historia,
205 3344 307 3409 petere
324 3343 423 3404 cogat.
458 3331 520 3386 Cur
542 3332 598 3387 ista
615 3342 717 3388 nostra
740 3332 853 3405 scriptu
869 3351 930 3388 non
952 3337 1104 3408 legerunt,

31 3432 65 3487 in
84 3423 195 3502 quibus
214 3424 300 3481 toties
319 3435 453 3478 nostram
469 3421 644 3476 sententiam
660 3421 900 3479 declaravimus?
936 3423 1030 3493 igitur
1042 3442 1105 3481 ser.
1139 3445 1145 3458 ·

31 3529 149 3576 ventur
165 3517 246 3586 leges
263 3513 373 3585 patriae
391 3521 421 3567 et
437 3513 674 3580 magistratuum.
710 3509 801 3584 Quod
826 3513 851 3566 si
868 3528 956 3568 casus
976 3515 1104 3586 incidat,

31 3621 69 3666 ut
96 3618 203 3672 contra
227 3609 306 3676 leges
332 3613 468 3675 receptas
496 3601 664 3656 ludendum
691 3612 741 3656 aut
764 3603 999 3674 consulendum,
1024 3625 1105 3664 nunc

33 3711 169 3784 utemur
175 3697 239 3768 lege
257 3693 362 3766 Moysi
382 3705 414 3770 ut
431 3691 588 3764 exemplo,
607 3690 697 3763 idque
716 3691 832 3763 publica
851 3698 1026 3751 auctoritate
1043 3715 1106 3752 mu.

33 3795 189 3866 gistratus.
223 3787 252 3841 Si
276 3785 415 3857 publicus
441 3799 528 3838 casus
549 3783 604 3852 sil,
632 3781 684 3855 qui
708 3789 770 3837 tum
795 3786 960 3858 :templo¹
961 3785 1009 3841 tali
1034 3805 1103 3858 sqse

34 3899 570 3929 fian-um·

86 3967 109 4018 t)
126 3963 151 4010 c.
166 3961 190 4010 l.
205 3961 311 4016 litntn
