2736 4512
579 265 670 338 lSll.
762 279 765 291 ’
1081 273 1156 340 oss.
1184 333 1188 342 .

86 425 218 504 tabularu
236 430 381 500 primam,
406 429 460 486 sod
483 438 607 502 propter
632 431 813 497 secundam,
838 430 971 497 scilicet,
1000 429 1081 502 quod
1106 401 1156 484 ille

86 519 256 590 incestum,
282 519 333 573 hic
356 538 430 576 vero
455 521 606 576 avaritiam
626 531 758 589 taxarat,
784 536 855 576 oum
873 521 1012 592 Apostoli
1030 533 1059 576 et
1075 521 1157 576 dein.

86 625 163 682 ceps
178 606 333 680 Martyres
350 620 477 681 propter
493 609 624 671 tabulam
649 612 775 683 primam
800 611 861 666 sint
883 613 994 668 occisi:
1021 613 1098 680 forte
1124 621 1157 670 et

87 714 144 756 nos
163 702 309 771 patiemur
325 719 386 758 non
404 713 533 774 propter
550 702 679 757 tabulam
697 703 842 775 primam,
861 701 950 776 quam
963 701 1003 758 illi
1017 701 1120 757 volunt
1128 699 1156 763 1)

85 789 248 846 nobiscum
266 790 402 847 confiteri
412 831 422 860 ,
439 795 493 848 sed
510 803 635 866 propter
652 793 911 866 secundamque
928 793 1036 848 nolunt
1053 808 1157 866 repre.

85 881 187 936 hendl.
221 881 277 937 Sed
294 890 325 936 tu
343 892 409 937 esto
426 883 453 945 ²)
475 883 578 950 fortis,
600 893 631 940 et
645 880 677 950 ³)
704 883 830 954 perduro
848 893 951 938 contra
969 883 1041 943 istus
1059 897 1156 939 voces
1179 927 1186 935 .

85 971 182 1041 ΒΜ,
208 982 238 1026 et
262 975 287 1028 si
312 989 371 1044 qua
391 973 455 1028 alio.
490 973 572 1030 Nam
588 974 645 1030 ista
662 973 803 1030 dicuntur
819 973 856 1030 ab
873 975 957 1044 istie,
983 975 1034 1048 qui
1050 986 1156 1038 nostra
1205 969 1208 976 '

50 1091 53 1098 ·
85 1063 177 1118 verbe
195 1071 300 1135 putant
317 1079 385 1120 esse
402 1065 551 1134 humana,
571 1081 633 1138 quo
645 1065 843 1136 confitentur,
860 1081 895 1130 se
911 1081 1010 1138 neque
1026 1065 1155 1138 primum
1166 1053 1187 1127 *.
1245 1059 1247 1064 ’

21 1189 25 1200 ·
78 1146 184 1228 'neque
200 1155 362 1210 secundam
377 1154 506 1211 tabulam
521 1153 626 1212 colere
637 1165 688 1212 sut
699 1172 817 1218 curare.
835 1155 917 1214 ,Erit
930 1165 1029 1212 autem
1040 1155 1156 1212 Nurm.

82 1245 193 1316 bergas
212 1247 436 1317 turpissimum,
461 1247 486 1301 si
505 1247 582 1302 fama
600 1256 631 1303 et
647 1246 714 1302 libri
732 1258 929 1320 spargentur,
954 1248 1036 1320 quod
1055 1247 1155 1315 Euan,

83 1337 214 1408 gelium,
233 1339 313 1410 quod
332 1327 570 1407 confessisunt,
588 1354 643 1411 pro
662 1338 757 1394 verbo
775 1337 907 1394 humano
919 1336 1064 1404 habeant,
1083 1355 1155 1393 eum

84 1443 142 1484 nos
162 1445 268 1484 omnes
285 1429 410 1482 verbum
428 1429 592 1484 humanum
616 1437 661 1484 tot
685 1429 830 1499 agonibus
856 1429 1088 1500 exploserimus.
1123 1430 1154 1484 Si

86 1529 187 1574 eutem
204 1513 234 1586 1)
262 1535 316 1590 pro
334 1517 430 1574 verbo
447 1519 508 1574 Dei
527 1517 657 1588 hebent,
684 1519 779 1574 multo
797 1519 912 1591 turpius
930 1529 989 1588 est,
1015 1535 1069 1574 eos
1092 1519 1154 1574 hoc

84 1625 192 1681 agere,
217 1621 249 1664 ut
266 1608 632 1689 excommunicationem,
653 1625 729 1681 quae
746 1609 872 1664 verbum
890 1607 950 1664 Dei
969 1620 1033 1674 est,
1058 1625 1153 1665 exon.

82 1701 177 1769 tient,
194 1710 224 1755 et
235 1701 387 1756 ministros
399 1699 484 1753 verbi
498 1699 558 1754 Dei
572 1707 746 1754 contemtos
758 1699 827 1754 odio
839 1698 981 1767 habeant,
994 1713 1024 1754 et
1034 1699 1153 1770 Deum,

82 1808 177 1865 quern
195 1790 328 1847 confessi
348 1799 434 1858 sunt,
453 1799 513 1844 tam
531 1790 701 1844 scelerate
694 1807 722 1844 tn
741 1789 803 1844 suis
821 1789 961 1845 ministris
979 1788 1059 1859 ssfutl
1073 1791 1153 1846 blas.

83 1883 239 1957 phement.
273 1885 374 1953 Atque
392 1879 578 1949 hocvelim,
602 1887 636 1934 ut
654 1880 806 1937 intervos
825 1882 998 1950 conferatis,
1017 1875 1129 1951 ⁵⁹)et
1122 1899 1153 1936 in

1 1959 8 2030 f
83 1989 188 2027 aurem
200 1971 305 2028 Ebner
321 1981 351 2026 et
363 1960 617 2038 Baumganner6)
634 1969 829 2040 loqueremini
842 1986 899 2026 vos
911 1971 1049 2026 mrmstrt
1083 1969 1152 2042 Ego

1 2112 3 2130 ,
82 2065 147 2120 non
164 2062 256 2117 credo
274 2061 433 2116 duraturos
451 2069 501 2115 eut
518 2058 707 2130 pervicturos
727 2075 795 2116 esse
819 2060 947 2116 istorum
973 2077 1151 2132 sermones,
1251 2087 1254 2094 ·

85 2155 139 2210 sed
165 2169 233 2208 esse
258 2151 452 2208 tentationem
475 2159 580 2206 contre
595 2149 746 2222 ,Spiritum
772 2162 928 2219 sunctum,
954 2167 1009 2208 seu
1032 2155 1151 2208 tertiam

83 2244 290 2300 tentationem.
325 2238 475 2313 Alioquin
487 2249 588 2294 actum
607 2245 688 2294 esset
706 2238 742 2293 de
758 2238 967 2314 Nurmberga,·
994 2244 1065 2316 quia
1087 2243 1151 2298 hoc

1 2365 2 2375 .
83 2337 168 2392 esset
185 2333 362 2388 contristare
380 2331 521 2403 Spiritum
538 2340 695 2398 sanctum,
720 2329 886 2386 et'tandem
905 2333 1097 2402 cogitandum
1115 2334 1152 2388 de
1195 2341 1199 2349 “

82 2427 239 2498 Babylone
257 2425 310 2478 ista
329 2421 502 2477 deserenda.
537 2420 603 2476 Sed
617 2437 773 2477 curamus
788 2412 1009 2496 Babylonem,
1035 2431 1065 2478 et
1081 2438 1152 2480 non

83 2522 291 2582 estromenta,
318 2513 541 2586 relinquamus
557 2503 586 2580 ⁷)
610 2529 691 2566 eam.
726 2513 821 2583 Spero
843 2523 943 2569 tamen
960 2515 1101 2584 meliors,
1125 2517 1151 2572 si

82 2625 142 2664 vos
159 2608 296 2681 patientia
315 2615 344 2660 et
361 2601 598 2660 mansuetudinis
621 2602 717 2658 verbo
740 2619 794 2659 eos
817 2605 947 2678 primum
968 2607 1151 2676 tractabitis,

83 2712 114 2756 et
132 2698 334 2770 periculorum
352 2695 573 2750 admonueritis.
608 2691 700 2768 Quod
717 2685 748 2760 ὅ)
774 2693 800 2750 si
822 2709 889 2749 mea
913 2711 1035 2768 quoque
1060 2712 1152 2769 opere

81 2789 180 2860 aliquo
197 2787 227 2841 in
244 2787 302 2856 bac
321 2801 353 2840 re
371 2799 449 2856 opus
467 2793 531 2852 est,
550 2782 597 2838 vel
616 2781 651 2836 ad
666 2782 804 2838 Senatum
822 2783 870 2838 vel
888 2783 924 2838 ad
942 2785 1058 2858 aliquos
1076 2788 1154 2843 scri.

65 2871 174 2934 'bendi
184 2917 194 2945 ,
211 2889 327 2948 paratus·
340 2889 432 2946 eumq
452 2871 586 2928 Tantum
604 2882 636 2926 tu
655 2881 683 2926 te
702 2891 761 2927 noo
780 2872 922 2929 conficias
939 2875 1038 2942 curis,
1056 2887 1087 2932 et
1098 2893 1153 2946 co.

44 3015 54 3022 .
81 2973 176 3040 gites,
201 2960 359 3022 duodecim
377 2981 444 3020 esse
467 2963 559 3020 horas
578 2961 646 3018 diei.
681 2961 828 3018 Nondum
854 2966 964 3036 oredo,
991 2983 1098 3024 omnes
1120 2969 1152 3024 in

81 3062 195 3118 Senatu
219 3075 288 3112 esse
312 3057 395 3112 ntes.
430 3053 577 3108 Audimus
602 3063 631 3107 et
656 3049 709 3106 hic
734 3052 826 3106 multa
850 3070 866 3107 a
873 3053 1070 3125 Nobilibus,
1096 3055 1151 3113 sed

83 3165 218 3240 quorum
243 3165 304 3234 non
330 3155 375 3201 est
400 3154 534 3218 potestas
560 3142 685 3198 faciendi
708 3142 818 3214 ubique
841 3161 896 3218 pro
920 3143 1050 3204 libidine.
1082 3141 1152 3204 Etsi

81 3257 192 3298 verum
205 3250 265 3308 est,
283 3253 356 3306 eos,
374 3235 424 3308 qni
443 3237 472 3290 in
490 3232 592 3306 politia
609 3242 693 3300 sunt,
710 3248 833 3304 semper
849 3237 910 3290 lere
926 3235 1033 3292 hostes
1045 3239 1150 3310 luisse,

80 3321 165 3390 sicut
180 3324 210 3400 ⁹)
229 3344 257 3384 et
274 3338 378 3394 erunt,
396 3323 568 3389 Ecclesiae,
586 3323 700 3378 etiamsi
719 3320 844 3394 politia
836 3335 891 3380 uta
910 3329 948 3381 sit
964 3327 1151 3400 hierarchia,

82 3443 163 3500 quoe
181 3423 236 3478 etsi
255 3421 401 3494 plurimos
426 3417 545 3486 matos,
562 3425 662 3470 tumen
680 3431 795 3486 paucos
812 3413 910 3471 bonos
928 3417 1028 3473 habet
1065 3420 1151 3476 Idem

1 3565 2 3584 ,
82 3518 182 3588 agitur
198 3532 228 3572 tn
246 3511 526 3580 oeconomu‚qmo
544 3505 632 3561 Deus
650 3506 794 3558 mundum
813 3505 937 3577 abjecit,
956 3521 986 3564 et
998 3511 1150 3568 decimum
1181 3580 1185 3586 η

79 3609 238 3680 leprosum
250 3605 303 3658 vix
315 3603 421 3658 retinet
431 3593 490 3666 ,11)
502 3607 618 3652 coetero
632 3605 719 3650 vorat
731 3595 767 3661 ¹¹)
780 3596 921 3668 princeps
933 3599 1034 3656 muntii
1041 3641 1051 3668 ,
1068 3604 1151 3700 quod

134 3752 398 3812 t).¹lnril’.†rideri.
439 3753 635 3802 lla..†tunon
680 3751 796 3801 dinuo.
839 3750 1009 3800 ttssdtmnon
1051 3756 1149 3810 ΜΛ

81 3835 241 3886 conseratur,
260 3823 319 3890 uitur
335 3829 400 3874 inter
417 3836 471 3871 vos.
534 3826 555 3876 6)
575 3827 604 3871 A.
623 3824 716 3871 until.
731 3824 795 3870 etB.
856 3825 878 3874 t>
897 3827 959 3876 &dt
978 3828 1148 3886 relinquemus,

1 3897 2 3900 ’
77 3907 181 3959 ΜΦ
194 3904 257 3963 quta.
306 3904 371 3954 9)Α.
385 3899 526 3954 Moerum,
540 3899 602 3943 sont.
653 3893 762 3948 roeo
775 3895 841 3948 douu
853 3895 979 3954 leprosum
989 3913 1033 3948 rut
1043 3903 1150 3963 recepti

82 3991 118 4050 to
133 3981 196 4036 ed.
208 3979 291 4030 uocat
370 3983 372 3988 '
