2718 4508
105 187 107 200 ’
143 294 147 302 ,
209 233 273 304 tao
314 193 325 258 3
690 233 790 350 ‚tnta
885 245 894 280 t
1274 222 1292 264 ³

65 393 69 402 ’
110 413 112 418 ’
211 361 266 452 G·
293 414 328 506 ‘l
338 405 375 464 P.
409 405 527 480 Accepi
550 407 651 464 literas
674 415 757 477 tuta,
779 404 834 472 Vir,
856 408 887 464 in
915 405 1053 464 Domino
1077 397 1281 476 sonorabilis,

209 499 315 582 nescio
340 514 395 570 per
416 497 618 582 queunt-ideo
644 517 706 554 non
724 500 806 570 potui
832 500 1039 574 respondere,¹
1062 498 1143 570 quod
1168 497 1283 554 scribis

209 587 264 644 tibi
281 605 350 645 esse
368 606 404 644 os
422 589 547 644 oblitum
566 587 620 662 pe'r
637 589 746 657 verba,
771 600 801 645 et
824 593 935 644 utinam
952 583 1179 660 Magdeburgae
1194 605 1284 644 man.

208 681 324 750 sisses,
351 689 388 735 eo
412 681 494 752 quod
510 683 608 750 maj0t
624 682 784 752 majestatis
806 697 914 754 pompa
939 693 969 736 te
992 681 1082 752 petit,
1107 696 1199 752 qnam
1225 697 1285 734 vo.

208 768 301 834 lucris
320 779 381 826 etc.
413 770 459 826 Ea
476 773 576 826 omnin
593 770 645 826 tibi
663 786 753 842 quam
775 771 916 826 facillime
935 771 1047 840 credo,
1071 771 1175 844 utqui
1193 781 1284 826 tunm

209 859 358 930 ingenium
377 839 656 933 perspectissimum
674 861 818 930 habeam,
844 877 935 934 quam
960 861 1000 917 sit
1020 861 1149 916 alienum
1175 871 1207 916 et
1231 860 1284 915 ab.

117 979 120 984 ·
208 949 339 1018 horrens
353 950 389 1005 ab
406 951 470 1006 istis
489 951 591 1007 aulicis
606 961 661 1006 'seu
673 952 877 1021 saecularibus
890 954 1025 1023 pompis,
1043 953 1162 1008 scilicet
1176 967 1284 1010 assue-

209 1051 275 1098 tum
299 1043 391 1116 quieti
414 1052 444 1097 et
467 1043 679 1113 tranquillitati.
712 1045 814 1115 Atque
839 1043 902 1097 hoc
927 1045 1023 1115 ipsum
1049 1051 1132 1113 crat,
1160 1060 1227 1116 quo
1253 1053 1284 1099 et

210 1133 450 1204 egomovebar,
475 1151 513 1188 ne
536 1133 624 1188 facile
647 1133 808 1204 probarem
825 1135 854 1189 in
871 1134 931 1189 hac
956 1152 988 1192 re
1009 1133 1158 1207 Principis
1184 1135 1283 1190 nostri

209 1223 353 1280 studium.
387 1222 442 1278 Sed
459 1223 497 1278 ita
515 1223 684 1278 faciendum
703 1224 757 1278 fuit
773 1223 915 1290 omnine,
934 1232 962 1278 el
978 1225 1125 1280 voluntati
1137 1224 1199 1279 Dei
1219 1240 1283 1279 nou

209 1313 423 1379 resistendum.
458 1308 588 1370 Nam'ut
602 1330 654 1370 res
672 1331 753 1369 nuno
771 1329 805 1370 se
823 1313 952 1381 habent,
977 1299 1057 1370 nulla
1076 1315 1133 1369 init
1149 1330 1285 1387 persona

209 1407 334 1474 idonea,
350 1404 410 1460 nisi
427 1412 474 1459 tna
492 1404 588 1460 solius
606 1415 636 1459 et
652 1407 758 1473 nnius,
774 1413 808 1460 ut
825 1404 930 1460 audisti
953 1407 1084 1478 saepius.
1120 1406 1283 1462 Caeterum

211 1495 304 1553 debes
322 1495 510 1560 meminisse,
537 1495 619 1567 quod
644 1495 697 1550 tibi
715 1511 822 1550 manus
848 1497 1007 1568 imponens
1026 1496 1102 1552 dixi:
1128 1495 1284 1569 Expecta

211 1587 409 1656 Dominum,
433 1577 573 1662 uiriliter
594 1603 674 1660 αρε,
699 1593 729 1640 el
753 1585 957 1652 confortetur
980 1603 1038 1644 cor·
1061 1594 1162 1643 trium.
1194 1587 1283 1642 sita

208 1684 320 1744 'inostro
337 1677 464 1734 'consilio
482 1687 581 1745 esset,
609 1677 679 1748 quid
698 1687 748 1733 aut
765 1689 909 1756 quantum
927 1695 981 1750 per
997 1693 1053 1734 nos
1071 1679 1161 1735 Dens
1180 1679 1283 1734 facere

211 1771 318 1838 vellet,
343 1769 417 1824 nihil
435 1769 559 1824 omnino
577 1783 705 1840 pennos
723 1769 853 1838 faceret,
874 1769 990 1824 scilicet
1007 1769 1105 1825 subito
1124 1768 1284 1840 perturba.

199 1866 313 1920 'remus
331 1863 397 1934 ejus
415 1857 593 1930 consilinm,
617 1859 812 1916 ostendentes
835 1860 861 1916 ei
878 1859 967 1916 linem
985 1861 1174 1935 formamque
1194 1861 1283 1917 effici.

212 1965 329 2022 entem,
355 1951 587 2026 longitudinem,
613 1951 821 2021 latitudinem,¹
840 1952 1091 2022 profunditatem,
1116 1951 1145 2008 id
1163 1963 1212 2009 est
1228 1970 1284 2009 no.

210 2057 303 2102 stram
332 2045 410 2100 illam
437 2041 685 2125 sapientissimam
701 2042 800 2098 carnis
821 2043 1013 2115 sapientiam,
1040 2061 1100 2116 qua
1123 2044 1285 2116 impeditus

48 2180 53 2202 ,
134 2181 136 2186 .
211 2123 372 2208 cogeretur
389 2152 445 2190 nos
464 2134 612 2190 dimittere
630 2135 657 2189 in
676 2133 832 2189 desideriis
849 2133 959 2190 „cordis
977 2135 1151 2203 nostri,'et
1166 2137 1281 2212 ansuis

191 2277 194 2282 .
213 2226 348 2284 consiliis
367 2227 501 2280 satutari.
536 2223 627 2280 Nunc
647 2225 685 2278 ita
702 2223 794 2305 habet
811 2240 861 2278 res
879 2241 936 2296 per
950 2223 1079 2280 divinam
1096 2225 1280 2294 bonitatem,

212 2328 248 2374 ut
258 2332 409 2390 nunquam
429 2316 538 2372 rectius
557 2326 606 2370 ant
624 2315 756 2370 sanctius
770 2316 931 2387 quicquam
950 2331 1086 2385 spamus,
1105 2318 1281 2388 quemdum
1354 2381 1358 2401 .

212 2407 351 2465 videmur
367 2407 456 2462 nobis
482 2407 665 2478 impotentes
680 2413 710 2460 et
726 2404 809 2459 nihili
834 2411 901 2460 es'se
920 2406 955 2460 ad
973 2407 1135 2474 agendum:
1159 2423 1218 2462 nec
1237 2423 1282 2462 sa.

212 2500 343 2572 pientius
368 2499 530 2570 quicquam
555 2511 692 2565 agamus,
727 2511 816 2568 quam
843 2495 912 2549 dum
943 2497 1117 2552 stultissime
1143 2497 1281 2554 videmur

212 2589 301 2646 nobis
319 2585 415 2658 apere.
451 2587 531 2662 Quia
547 2595 604 2641 stat
621 2585 740 2642 delinita
764 2587 924 2642 sententia:
951 2586 1070 2642 Virtus
1091 2589 1164 2656 ejus
1185 2585 1282 2656 infir,

212 2681 328 2740 mitade
341 2684 458 2734 nostr-ct
473 2676 656 2750 perficitur.
690 2676 762 2731 Ideo
781 2676 809 2730 in
828 2677 918 2736 rebus
932 2677 993 2732 Dei
1007 2679 1101 2732 multo
1120 2688 1165 2734 cst
1178 2680 1280 2744 tutius,

213 2787 271 2828 nos
289 2773 373 2843 rapi,
396 2785 484 2842 quam
509 2784 614 2838 agere,
641 2768 720 2822 sicut
744 2767 796 2822 tibi
814 2767 874 2820 hoc
893 2777 1027 2837 tempore
1049 2767 1193 2838 contigit,
1220 2785 1280 2849 nott

178 2886 181 2892 ·
212 2862 281 2918 rudi
297 2858 408 2928 modo,
427 2875 484 2914 nec
502 2857 614 2926 vulgari
634 2857 786 2928 exemplo.
821 2857 932 2912 Contra
949 2875 1100 2930 nunquam
1118 2859 1281 2937 pejus-agi.

178 3012 182 3018 ,
214 2969 302 3023 mus,
325 2953 505 3025 quemdum
522 2947 610 3004 nobis
628 2949 765 3002 videmur
787 2947 969 3018 intelligere,
995 2951 1066 3022 quid
1090 2961 1119 3006 et
1138 2958 1280 3022 qnantum

214 3027 355 3116 agamus,
379 3043 449 3115 quia
466 3053 538 3096 tunc
555 3038 617 3094 lieri
636 3039 706 3106 rix,
733 3038 794 3093 imo
812 3056 874 3094 non
894 3049 1012 3121 potest,
1038 3024 1109 3112 quin
1128 3043 1215 3100 nobis
1233 3041 1281 3096 ali.
1357 3087 1358 3092 ,

215 3135 390 3210 quantulum
407 3133 579 3206 placeamus
604 3130 631 3182 in
650 3138 757 3184 nostro
775 3131 873 3199 lacto,
901 3141 930 3184 et
954 3131 992 3186 ita
1011 3129 1183 3200 contagiolo
1209 3131 1281 3204 (etsi

215 3226 335 3293 veniali)
354 3223 483 3295 quotiam
500 3219 643 3290 gloriolae
662 3219 817 3296 cujusdam
835 3221 948 3275 sactum
965 3221 1034 3276 illud
1049 3223 1209 3293 vitiemus,
1226 3241 1281 3279 nee

156 3365 162 3377 ,
215 3319 290 3374 adeo
313 3309 387 3388 p'ure
402 3313 507 3390 Deum
526 3311 624 3365 solnm
647 3308 860 3397 glorificemus.
881 3311 973 3388 ⁴Quia
996 3321 1069 3366 tunc
1095 3313 1159 3368 lere
1179 3313 1227 3382 fit,
1250 3321 1280 3368 ut

239 3411 335 3464 Vl'l'ffls
396 3447 403 3458 ·
462 3444 468 3457 ·
546 3407 551 3439 ¹
645 3400 797 3467 virtute.
960 3410 979 3470 J
1134 3443 1140 3457 .
1239 3445 1247 3459 ·

215 3489 360 3562 sapientia
377 3459 443 3516 ²³⁰⁸
462 3451 611 3516 mmm
624 3480 772 3553 sapientia
790 3440 967 3498 mfi'metur·
1002 3440 1095 3516 Qu⁰d
1116 3461 1141 3544 5¹
1164 3461 1278 3502 nescire

215 3579 369 3650 cogimur,
395 3576 467 3648 quid
491 3582 521 3630 et
538 3575 693 3646 quomodo
720 3589 806 3627 orare
830 3577 967 3643 oporteat
991 3589 1079 3644 eutn,
1103 3575 1276 3648 unipotens

215 3681 262 3726 est
278 3670 345 3742 plus
361 3667 479 3732 iacere,
504 3679 592 3736 quatu
610 3662 738 3734 petimus
758 3673 808 3717 aut
825 3661 1031 3732 intelligimus:
1055 3677 1166 3736 quanto
1182 3669 1276 3722 minus

216 3760 295 3817 seire
313 3767 342 3812 et
358 3755 522 3824 intelligere
540 3753 694 3832 cogimur,
713 3751 784 3823 quid
803 3761 832 3808 et
849 3753 1004 3824 quomodo
1018 3772 1073 3826 per
1090 3773 1146 3811 nos
1164 3758 1276 3830 operari

216 3852 308 3916 velit,
326 3848 375 3918 qni
394 3857 425 3900 nt
443 3857 489 3898 est
506 3845 716 3914 omnipotens,
732 3840 812 3896 haud
830 3843 918 3898 dubie
934 3845 1000 3916 plus
1020 3847 1118 3900 facere
1138 3849 1275 3916 decrevit,

217 3955 307 4017 quam
324 3933 381 3993 no's
399 3935 563 4005 cogitamus
582 3943 631 3986 aut
645 3932 942 4012 comprehendimus.
976 3935 1074 3994 Fortis
1095 3947 1162 3994 esto
1180 3939 1275 4010 igitur,
