2736 4512
220 281 282 366 sos
706 285 817 378 isti.¹

217 409 405 504 &tessine
422 455 617 514 excusatam,
640 439 806 520 quod'sine
823 444 917 520 literis
935 445 1011 502 meis
1039 441 1074 501 ed
1090 453 1121 502 te
1139 441 1224 500 hine.
1239 439 1291 515 11).Ι

216 533 302 604 ierit,
321 535 392 591 licet
409 551 464 606 ego
483 539 689 594 consentiente
707 553 773 598 meu
787 535 885 594 usus
904 537 933 591 id
950 540 979 592 in
996 537 1085 610 culpe
1101 535 1290 606 luissejudt.

100 643 103 650 ·
217 643 375 705 ceremur,
400 628 483 701 quod
501 629 613 702 percita
633 631 709 685 lame
727 631 890 700 nonpenis
907 639 957 684 sut
972 627 1050 697 vini,
1071 628 1126 684 sed
1141 628 1289 708 marialis

216 717 439 774 contuetudinis
457 711 548 791 (q'uee
565 734 605 776 ex
623 719 783 776 dilectione
800 717 893 782 illius)
910 719 948 776 sit
964 717 1056 776 oblite
1072 734 1207 793 poscere
1224 717 1289 772 lite.

209 821 284 876 uus,
312 806 339 861 ld
357 807 440 880 quod
457 817 490 890 tu
508 809 534 864 ei
553 808 639 864 facile
657 808 802 864 indicabis
821 807 910 864 etism
928 793 1070 868 suo'loco
1088 819 1117 862 et
1137 798 1308 880 tempores

218 894 286 958 but
302 897 386 958 tolet
403 893 537 966 tttlltllttt
554 895 588 966 lit
602 897 693 968 wohl!
711 911 741 954 et
754 913 784 953 tu
797 898 897 954 simul.
932 897 1090 958 Caeterum
1105 898 1149 954 D.
1160 896 1290 953 Justum

214 985 346 1044 libenter
369 989 444 1046 vidi:
467 990 523 1046 etsi
546 990 624 1062 opud
641 1005 691 1044 me
708 1005 790 1045 nunc
807 989 931 1044 viduum
949 1000 979 1044 et
996 987 1177 1056 coelibem,·
1189 987 1290 1060 pessi.

214 1093 299 1138 muln
316 1065 435 1136 scilicet
447 1089 558 1152 petrem
572 1069 717 1149 leubilla,
734 1079 864 1136 noluerit
876 1095 1003 1136 coenare
1014 1095 1114 1156 neque
1126 1079 1289 1151 prendere,

215 1170 322 1224 leolum
339 1181 457 1238 tamen,
474 1186 671 1243 quaecunque
690 1169 739 1226 ille
756 1171 902 1238 voluerit,
928 1183 957 1226 et
972 1180 1004 1226 tu
1017 1170 1167 1242 jusseris,
1192 1185 1290 1247 queu-

214 1267 280 1314 tum
297 1261 420 1318 omnino
438 1275 575 1333 possum.
609 1263 775 1318 Convivam
792 1277 893 1318 meum
905 1260 1035 1318 libenter
1047 1261 1167 1318 habebo
1178 1259 1290 1330 filium,

216 1351 242 1406 si
260 1350 301 1406 illi
319 1351 473 1424 placuerit.
527 1345 530 1352 ¹

228 1495 229 1500 κ
280 1463 371 1522 Nune
388 1467 423 1520 ed
441 1466 529 1522 serie.
562 1465 618 1522 Est
635 1465 687 1522 hie
704 1467 799 1536 ciris,
817 1481 908 1539 quem
926 1466 1001 1522 forte
1017 1465 1117 1534 nosti,
1136 1465 1293 1522 insuber.

120 1595 140 1628 .=
212 1551 292 1610 beno
304 1545 358 1611 tuo
371 1557 498 1628 piscario
511 1557 638 1626 Suberl,
656 1557 708 1629 qui
727 1567 792 1612 ente
804 1573 913 1618 annum
924 1566 1063 1626 aegrotus
1076 1573 1092 1612 s
1105 1555 1290 1612 Froschelio

214 1643 432 1716 iuterrogatus,
450 1663 487 1702 en
504 1658 681 1717 agnosceret
698 1664 730 1702 se
746 1659 940 1721 peccatorem
953 1648 982 1702 in
996 1651 1198 1719 topraecepts
1212 1633 1306 1716 Deis

213 1736 371 1810 respondit
382 1753 526 1812 perquem
539 1737 688 1808 modeste,
707 1753 776 1794 sese
788 1737 923 1792 noudum
936 1753 1028 1810 posse
1039 1747 1173 1793 statuere
1186 1748 1291 1808 certe,

214 1829 286 1902 quid
305 1830 335 1884 in
352 1829 465 1902 relique
483 1829 673 1900 deliquisset:
700 1841 817 1886 certum
836 1840 934 1902 autem
952 1845 1037 1896 esse,
1061 1829 1144 1901 quod
1160 1829 1237 1884 nihil
1258 1823 1307 1884 in'

213 1917 343 1992 primum
361 1929 554 1990 praeceptum
573 1925 727 1994 peccasset
745 1935 890 1992 unquam,
910 1918 1136 1992 quinconscius
1153 1920 1210 1975 sibi
1223 1916 1307 2001 non]
1361 1945 1365 1950 ·

213 2019 312 2078 esset,
329 2025 459 2084 unquam
478 2025 547 2066 sese
563 2011 656 2067 luisse
668 2010 745 2082 opud
757 2025 809 2064 eos
817 2049 827 2079 ,
845 2009 897 2083 qui
909 2008 1022 2064 alienos
1035 2009 1124 2066 Deos
1135 2010 1287 2067 colerent.

187 2097 266 2155 -Tu
282 2115 363 2158 nuue
379 2099 464 2166 vide,
487 2116 523 2156 en
542 2115 605 2158 non
620 2099 832 2170 Witenbergue
849 2100 909 2154 sint
925 2099 1038 2168 sancti,
1064 2098 1116 2171 qui
1133 2095 1233 2173 neque
1254 2095 1302 2155 in'

212 2204 306 2246 cerne
330 2207 429 2262 neque
454 2190 638 2262 inmundo,
665 2187 718 2244 sed
743 2189 821 2246 inter
842 2187 969 2264 angelos
994 2203 1116 2260 semper
1141 2185 1303 2248 vixerim

212 2277 347 2336 Tantum
364 2280 438 2336 feeit
455 2279 659 2336 catechismus
679 2279 810 2353 quotidie
822 2267 1018 2334 inculcatus!

278 2393 328 2450 Ex
346 2395 403 2451 alio
420 2391 582 2452 moverunt
600 2397 827 2470 quaestionem,
848 2395 965 2452 scilieet
982 2394 1017 2450 ad
1035 2401 1062 2448 te
1080 2393 1287 2464 deferendam,

213 2487 360 2542 convivae
378 2487 447 2542 mei.
482 2493 531 2542 An
550 2490 616 2560 plus
634 2487 719 2542 laetis
736 2487 787 2543 det
805 2471 893 2542 Deus
911 2485 1094 2556 largissimus
1116 2485 1165 2540 ille
1193 2503 1287 2543 oeco-

211 2593 321 2632 nomus
335 2576 456 2646 singulis
469 2577 567 2647 annis,
586 2595 674 2650 quam
687 2577 766 2632 vini?
796 2573 865 2648 Ego
880 2578 994 2647 sentio,
1012 2575 1093 2648 quod
1105 2577 1173 2648 plus
1185 2577 1284 2634 lactis.

212 2665 265 2722 Tu
283 2668 443 2738 responde.
478 2667 616 2723 Secundo
633 2668 800 2740 quaeritur,
819 2683 854 2722 en
872 2665 1002 2736 dolium,
1021 2666 1104 2738 quod
1122 2678 1206 2722 esset
1222 2677 1285 2723 tam

211 2756 315 2825 letum,
333 2756 469 2828 longum,
485 2758 589 2825 altum,
607 2765 749 2829 qttentum
762 2765 809 2810 est
822 2754 950 2828 spatium
964 2756 1043 2810 inter
1053 2745 1284 2827 Witenbergem

212 2857 242 2902 et
259 2845 477 2918 Kembergam,
496 2855 603 2920 posset
620 2863 727 2918 cepere
744 2846 866 2915 vinum,
885 2845 968 2917 quod
983 2840 1072 2902 Deus
1089 2846 1236 2918 iusipiens
1253 2855 1285 2904 et

139 2953 148 2964 ⁸
211 2937 331 3008 ignarus
347 2947 377 2994 et
395 2939 503 2994 stultus
523 2937 691 3010 profundit,
718 2935 847 3009 prodigit
870 2945 900 2990 et
926 2935 1023 3008 perdit
1045 2936 1171 3008 singulis
1198 2937 1282 2994 uenis

211 3029 291 3086 inter
308 3029 383 3086 lilios
400 3029 557 3086 hominum
575 3028 745 3099 pessimos,
763 3025 980 3098 ingratissimos
999 3026 1199 3086 crucifixores
1219 3028 1279 3098 lilii,

210 3120 383 3205 Helorinus,
401 3121 556 3187 Albertos,
574 3118 683 3190 Papae,
697 3117 830 3186 Turoes,
849 3135 919 3172 oum
933 3117 1000 3174 tiliis
1015 3119 1077 3174 suis
1089 3119 1141 3174 det
1153 3121 1281 3190 nquam?

210 3211 295 3270 Haec
313 3211 401 3281 ideo,
428 3220 459 3267 ut
483 3221 514 3267 tu
538 3209 635 3278 scies,
661 3209 761 3264 multis
786 3209 845 3264 tuis
863 3208 954 3265 literis
973 3209 1050 3264 velle
1067 3225 1116 3264 me
1134 3209 1279 3269 brevibus

211 3303 395 3359 satisfecere.
421 3301 532 3372 Neque
541 3299 618 3354 enim
630 3311 751 3371 semper
760 3314 827 3354 sum
836 3302 858 3366 ι)
872 3298 1000 3366 otiosus,
1011 3314 1111 3372 neque
1123 3302 1277 3357 studiosus

210 3393 247 3450 ad
259 3393 469 3462 scribendum,
482 3391 545 3461 jam
560 3381 698 3454 ordiner,
716 3389 770 3444 nisi
784 3376 865 3460 quod
877 3398 978 3443 tecum
990 3387 1136 3459 libenter,
1154 3391 1179 3446 si
1195 3393 1279 3448 detur

209 3481 287 3549 hora
299 3521 309 3552 ‚
329 3484 422 3554 jocor
446 3491 475 3538 et
495 3479 625 3534 fabulor.
660 3477 747 3546 Vale,
774 3488 873 3534 etone
891 3496 948 3550 pro
965 3495 1013 3534 me
1033 3497 1174 3554 quoque,
1200 3484 1283 3538 sicut

210 3589 269 3631 nos
294 3566 349 3647 pro
371 3583 420 3642 te,
444 3579 474 3627 et
488 3569 628 3626 Ecclesia
646 3570 743 3624 omnis
768 3585 826 3641 pro
844 3579 955 3626 vestre.
987 3569 1031 3624 D.
1048 3574 1076 3626 ³.
1093 3572 1279 3644 septembr„

208 3661 366 3720 MDXLI.
1271 3721 1273 3726 Ι

912 3723 1065 3782 Martinus
1082 3725 1246 3792 Lutherus.

104 4047 108 4054 .
216 4053 222 4062 ,
258 4000 383 4052 uuum.
396 3998 422 4052 tl·
436 3985 491 4044 εἴτε.
