2736 4512
574 292 664 358 tstt.
791 283 794 292 '
1086 293 1148 360 sss
1191 319 1193 322 ·

91 445 208 518 aliquot
226 449 376 518 Augustae
394 451 446 504 val
459 457 542 520 ame,
559 451 607 529 uel
625 461 712 523 post,
735 452 785 508 vel
800 466 871 508 cota
884 449 1009 521 Urbano
1025 447 1146 522 Rhegio

89 536 207 606 ejectus
232 554 322 610 opera
346 541 658 610 sacramentariorum,
687 541 732 596 vir
754 541 896 611 (minum,
916 541 945 598 si
969 559 1029 598 non
1053 530 1148 608 nosti)

53 629 60 649 ‘
90 615 285 684 doctissimus
303 637 332 683 et
349 629 587 699 sincerissimus,
604 629 641 684 de
652 646 713 704 qno
726 633 832 686 vellem
846 632 1019 704 disputares.
1052 631 1149 688 Habet

92 715 211 769 socium
222 719 373 788 egregium
386 718 492 786 virum,
511 719 581 774 olim
593 702 777 782 canonicum
789 721 952 794 regularem
970 722 1016 786 <ut
1029 720 1148 787 dicitur)

92 806 241 864 eruditum
266 818 296 864 ct
321 809 489 867 sincerum:
514 825 640 882 uterque
665 809 769 882 dignus
797 828 860 868 nou
875 809 1009 876 ⁴llallensi
1034 823 1148 868 tantuna
1176 831 1178 837 ⁴

1 907 2 910 ’
90 898 250 954 vocatione
267 908 323 956 est.
357 899 508 972 studebo,
526 901 551 956 ai
567 900 729 978 Hallenon
745 902 872 973 poterit,
891 903 939 958 vel
955 901 1150 960 locoUrbani

5 995 8 1000 ’
90 985 177 1058 Regii
193 987 440 1060 Lunehurgeusis
457 1007 532 1070 eum·
542 991 683 1066 accipiat,
699 993 791 1050 modo
814 1007 868 1065 per
884 993 928 1050 D.
945 985 1149 1050 Pomerauum

91 1087 171 1133 stare
189 1080 307 1150 poterit.

119 1183 122 1188 ’
156 1181 246 1240 Nova
270 1188 354 1259 plura
372 1204 428 1244 vos
453 1187 481 1244 in
507 1189 579 1246 loco
600 1199 660 1246 tam
686 1190 788 1262 insigni
811 1189 944 1258 habetis,
970 1207 1057 1262 quarn
1081 1205 1148 1246 nos.

91 1271 211 1330 Tamen
235 1276 297 1333 hoc
320 1278 399 1333 forte
423 1281 471 1334 vel
498 1280 608 1336 tnrstra
624 1281 757 1337 scrihere
776 1282 880 1348 voluti,
899 1281 1028 1353 papissae
1047 1297 1149 1350 triagna

92 1363 279 1422 vehementia
297 1385 398 1424 coram
417 1369 543 1426 Caesare
558 1369 668 1425 librum
685 1371 784 1440 illurn,
803 1371 983 1426 concordiae
998 1387 1149 1444 praesum.
1202 1391 1207 1402 ·

1 1475 2 1484 ¹
92 1467 156 1512 tum
167 1457 309 1514 milicem
317 1499 326 1527 ‚
338 1459 369 1536 ⁸)
386 1460 561 1529 damnasse,
579 1471 605 1516 et
618 1478 710 1534 paene
722 1463 751 1515 in
766 1479 900 1530 coesse,
917 1471 950 1516 ut
961 1460 1151 1533 suspicentur

92 1565 109 1602 s
128 1548 214 1604 nobis
231 1551 451 1622 compositum,
476 1567 568 1632 quum
586 1568 642 1608 nos
661 1553 813 1613 oderimus
837 1566 907 1607 eum
925 1566 998 1607 carre
1015 1537 1101 1624 pejus
1120 1562 1151 1606 et

92 1655 197 1708 angue.
232 1639 286 1696 llle
303 1641 487 1698 miserrimus
504 1641 595 1712 liber,
619 1643 669 1714 qui
692 1651 735 1698 tot
751 1657 872 1714 rurenses
894 1642 1012 1697 vexavit
1029 1641 1150 1697 comitia

92 1729 164 1795 ista,
181 1730 299 1786 tandem
317 1747 331 1782 a
349 1741 452 1786 nostra
469 1729 552 1802 parte
569 1731 779 1796 conculcatur,
804 1744 834 1788 et
850 1729 887 1786 ab
898 1732 957 1788 illa
975 1741 1055 1801 parte
1072 1731 1149 1786 lace.

90 1831 190 1890 ratur,
207 1833 268 1878 noa
286 1821 441 1891 obstante,
467 1823 548 1896 quod
564 1821 702 1884 Bueerue
719 1823 843 1880 mirilico
861 1839 930 1878 eum
947 1823 1095 1894 probarit,
1120 1827 1150 1879 el

1 1917 2 1962 1
91 1925 201 1982 magno
229 1913 341 1985 impetu
368 1929 437 1968 eum
466 1913 559 1984 recipi
587 1914 793 1984 contenderit,
823 1911 935 1980 maliet
965 1912 1089 1971 Griclel
1105 1913 1149 1982 *')

1 2047 2 2051 ,
94 2019 216 2076 quoqne
242 2004 312 2058 odi'o
337 2005 432 2060 nostri
453 2004 628 2074 jactaverit,
655 2005 767 2060 nullutn
787 2006 930 2077 scriptum
956 2021 1025 2060 esse
1050 2003 1149 2061 utilius

93 2109 151 2166 pro
168 2093 339 2151 concordia.
373 2093 417 2152 lta
430 2093 518 2150 Deus
541 2105 702 2168 utrumque
718 2095 906 2168 hypocritam
925 2095 1079 2151 confundit
1097 2111 1150 2170 po.

93 2187 201 2240 tenter.
235 2183 324 2240 Vides
349 2183 453 2254 igitur,
482 2195 624 2257 quantum
642 2186 737 2240 valeat
760 2185 857 2241 oratio
872 2183 1036 2242 Ecclesiae.
1069 2185 1150 2242 Nam

94 2275 205 2330 Caesar
229 2291 266 2330 eo
290 2275 366 2331 libro
391 2275 512 2331 delusus
538 2283 566 2330 et
582 2291 635 2346 spe
654 2291 705 2332 sua
728 2277 897 2342 frustratus,
924 2276 996 2349 quid
1020 2276 1151 2332 facturus

94 2365 148 2433 sit,
174 2363 238 2424 dias
263 2353 434 2422 declarabit.
467 2365 536 2420 Hoc
561 2365 644 2435 scio,
668 2371 783 2434 nos'et
801 2377 925 2422 nostros
952 2381 1022 2422 esse
1047 2370 1150 2420 corana

95 2457 224 2512 Caesare
249 2455 286 2509 ab
310 2455 429 2512 illorum
454 2465 537 2528 parte
561 2455 634 2513 inter
650 2455 846 2512 damnandum
872 2455 981 2515 librum
1001 2469 1036 2514 ‚et
1056 2457 1151 2513 collo.

1 2568 2 2600 1
94 2538 197 2618 quium
222 2546 293 2602 illud
316 2546 501 2604 devastatum
518 2544 715 2606 hostilissime
739 2559 904 2603 accusatos.
937 2545 1019 2604 Inter
1036 2558 1151 2604 caetera

1 2647 2 2650 ’
82 2636 189 2707 »capita
205 2637 428 2693 accusationum
445 2637 696 2692 amarissimarum
713 2637 760 2692 illa
771 2637 825 2692 fuit
842 2637 1051 2708 acerbissima,
1067 2639 1167 2710 quod·

92 2723 416 2796 pernitiosissimis
438 2727 498 2792 (sio
515 2726 577 2782 scis
595 2743 652 2783 nos
671 2727 841 2796 nominare)
870 2729 1006 2786 subditos
1026 2727 1160 2785 catholi:

92 2835 200 2874 corum
217 2820 259 2882 (id
277 2831 322 2876 est
339 2817 558 2882 cacolicorum)
576 2817 784 2873 subtraherent
803 2822 851 2881 <ut
869 2819 1018 2885 seditiosi)
1042 2819 1080 2876 ab
1097 2820 1152 2876 ob.
1179 2827 1187 2850 '·

92 2911 238 2978 odientia,
265 2919 293 2964 et
317 2909 469 2964 mitterent
494 2911 536 2964 eis
561 2910 810 2974 concionatores,
838 2921 917 2982 quos
947 2910 1160 2970 defendendos
1211 2906 1215 2914 '

90 3003 281 3073 susciperent
294 3011 397 3055 contra
408 2997 566 3070 legitimam
580 3009 609 3054 et
616 3003 640 3066 ¹)
651 2997 828 3054 ordinariam
842 3009 1037 3072 potestatem:
1049 3002 1079 3058 iu
1089 3019 1160 3075 quo·
1224 3049 1227 3053 .

93 3091 191 3163 capite
209 3090 419 3156 accusationis,
438 3099 528 3157 antu,
545 3085 712 3151 Hallenses.
730 3100 760 3143 et
771 3089 798 3154 2)
814 3088 964 3162 Princeps
975 3105 1151 3152 nosternon
1183 3119 1188 3148 .-

93 3181 179 3249 sitis‚
197 3181 249 3236 tibi
263 3180 457 3252 judicandum
475 3178 622 3250 relinquo.
656 3177 794 3246 Summa,
812 3178 960 3236 iratissimi
978 3194 1063 3252 sunt,
1080 3182 1152 3248 hon

92 3273 188 3328 sibilia
201 3271 323 3328 crimina
340 3269 369 3327 in
382 3286 438 3326 nos
451 3279 611 3336 evomunt,
630 3283 665 3322 ac
677 3267 789 3338 spirare
801 3269 939 3326 videntur
949 3271 1016 3342 plus
1027 3273 1150 3342 ignium,

94 3381 184 3436 (liram
208 3364 239 3418 in
264 3362 330 3436 ipso
356 3361 393 3418 sit
418 3361 545 3416 inferno.
581 3359 636 3414 Sed
664 3357 690 3414 is
716 3370 763 3416 est
791 3357 856 3414 linis
881 3363 1070 3418 comitiorum
1095 3381 1151 3436 pro
1191 3367 1195 3375 '

92 3466 195 3510 sancta
207 3451 368 3508 concordia
385 3448 609 3526 institutorum⁸¹
631 3445 703 3504 Deo
720 3457 818 3502 autem
834 3449 941 3518 gratie,
959 3453 1010 3524 qui
1022 3469 1077 3510 nos
1094 3453 1151 3512 isto
1214 3466 1217 3472 '

54 3579 61 3587 ·
92 3556 180 3601 motu
198 3545 318 3600 Satanae
336 3539 466 3597 furentis
478 3549 579 3602 certos
595 3531 664 3593 taen
672 3575 683 3606 ,
706 3536 803 3610 ipsum
829 3555 896 3596 ease
922 3541 1150 3619 expellendum,
1205 3529 1213 3544 '

94 3683 626 3712 W

144 3779 167 3827 t)
181 3777 263 3826 usurus.
276 3777 301 3838 tt.
315 3777 347 3822 aa
412 3773 434 3826 2)
447 3773 507 3830 dds
520 3777 545 3808 ὼ
558 3775 589 3818 et.

143 3995 166 4049 *l
180 3993 234 4046 sni
247 3991 424 4056 disturbasset
436 3989 553 4047 sutelas.
616 3993 653 4046 *tt
667 3989 787 4044 seriola.
